2894 4906
653 404 690 466 13

135 591 378 670 necteremus,
413 589 535 658 aiensi
558 587 735 660 Lechaeum
758 591 929 658 secundnm
960 589 1041 660 hanc
1072 592 1225 676 interpre-

136 696 289 770 tationem
311 719 331 765 n
352 699 607 769 Lacedaemoniis
638 705 706 768 tom
728 706 915 784 occupatum
949 706 1030 784 eret
1066 703 1167 770 multo
1187 701 1225 770 rit
1349 773 1350 778 ,

137 809 247 874 minor.
287 810 494 879 Athenienses
513 810 675 898 πανδημεί
692 805 943 896 proficiscuntur,
965 813 1225 880 Lacedaemonio·

137 937 207 988 rum
228 920 304 988 socii
334 921 397 988 iam
419 921 541 1002 pridem
563 922 728 1004 Iphicratis
750 923 866 992 milites
896 923 1098 990 vehementer
1120 927 1235 1012 ¹metu·¹

136 1025 204 1110 unt,
236 1031 475 1131 Lacertaemonii
496 1031 559 1112 ipsi
589 1036 656 1100 tarn
689 1034 781 1114 pauci
803 1032 928 1114 adsunt,
963 1039 999 1099 ut
1020 1033 1105 1100 nihil
1131 1051 1226 1114 ogere

136 1141 277 1222 possint3
315 1161 354 1208 ex
375 1141 424 1206 his
447 1143 545 1228 rebus
566 1143 715 1226 explicari
737 1147 850 1226 potest,
886 1144 939 1224 qui
961 1143 1081 1210 tactum
1103 1145 1154 1223 sit,
1191 1147 1227 1208 ut

104 1261 106 1264 ’
136 1250 344 1320 Athenienses
359 1250 443 1320 facili
459 1269 556 1332 opera
576 1252 781 1320 militibnsex
802 1253 944 1320 turribus
968 1253 1106 1336 expulsis
1120 1271 1227 1318 muros
1248 1299 1252 1308 ,

135 1361 302 1429 reficerent
324 1365 357 1428 ct
377 1380 417 1428 ne
437 1363 563 1447 milites,
583 1363 638 1444 *qui
650 1363 782 1430 Lechaei
804 1367 906 1444 erant,
927 1369 1076 1430 nocerent
1095 1364 1227 1428 nevelo

137 1471 404 1541 Atticam-aditus
425 1477 558 1556 poteret,
592 1474 807 1540 adorientem
830 1491 941 1539 versus
967 1489 1081 1538 novum
1103 1488 1228 1546 murum

136 1586 328 1651 extruerent.
385 1583 445 1648 Vbi
479 1583 531 1650 hic
558 1601 668 1650 murus
696 1585 728 1650 in
750 1601 840 1651 mare
861 1583 977 1663 exibet,
1006 1584 1134 1650 naualia
1156 1601 1228 1666 pro·

137 1691 222 1758 ximo
254 1697 395 1774 tempore
416 1693 561 1780 Teleutie
592 1695 673 1760 duee
695 1698 879 1778 expugnate
911 1693 1028 1760 conicio
1047 1694 1228 1778 instaurata

138 1819 217 1867 csse.
262 1800 351 1880 Quod
374 1801 398 1866 si
427 1801 618 1885 probaveris,
638 1801 782 1868 hecheei.
802 1802 1060 1883 occupationem
1092 1802 1227 1868 multum

137 1908 393 1976 Lacedaemoniis
425 1908 543 1990 proluit
574 1927 678 1991 neque
707 1927 781 1976 vero
801 1913 856 1974 ut
887 1927 939 1976 res
971 1930 990 1976 e
1020 1909 1229 1992 Xenophonte

138 2018 189 2102 §A
213 2021 260 2084 16.
285 2021 321 2082 17
342 2023 602 2085 commemoratas
636 2022 708 2099 post
723 2036 835 2084 muros
868 2017 1005 2084 retectos
1024 2021 1130 2101 gestas
1160 2035 1230 2085 esse

136 2131 318 2196 statuamus
332 2145 412 2208 opus
427 2133 486 2195 eet.
509 2128 590 2194 Nam
613 2127 736 2194 etiamsi
753 2127 882 2210 Grotius
903 2131 937 2194 et
949 2127 1102 2196 Xirchner
1117 2127 1162 2210 (p.
1175 2131 1228 2209 25)

138 2238 614 2320 dieuntsverbaXenophontea
634 2238 687 2320 qui
707 2241 855 2306 accurate
874 2239 1073 2320 inspecturus
1094 2237 1138 2304 sit
1153 2251 1229 2304 eoin

138 2349 179 2415 ad
193 2349 346 2430 temporis
362 2349 500 2431 epatium
513 2349 672 2414 recentius
686 2348 861 2414 relaturum
875 2365 955 2430 esse„
974 2351 1108 2427 uterque
1121 2351 1229 2412 temen

136 2457 336 2539 neglegentia
369 2458 506 2538 quadam
532 2458 773 2538 Xenophontem
800 2457 908 2522 ¹verba
934 2454 976 2521 ’ἐκ
1000 2455 1059 2520 τοῦ
1081 2453 1228 2535 Λεχαίου

137 2559 325 2649 ὁρμώμενοι
346 2567 490 2648 posuisse
510 2567 677 2648 quominus
698 2573 846 2652 putemus
865 2565 950 2632 nihil
962 2567 1090 2633 ohstarc
1103 2570 1230 2631 eonten-

138 2675 194 2742 dit.
218 2674 279 2742 Sed
301 2681 338 2741 ut
359 2676 588 2758 neglegentiam
608 2677 697 2742 illem
717 2674 895 2754 concedam,
916 2680 984 2741 tum
1006 2679 1119 2746 tamen,
1134 2675 1230 2740 chain

137 2801 245 2850 rerum
265 2782 378 2852 ¹eeri'ern
403 2783 640 2866 aXenophonte
660 2784 810 2852 traditam
833 2799 939 2850 veram
963 2801 1030 2850 esse
1051 2779 1230 2850 conoessum

138 2897 190 2959 eet
209 2894 337 2975 iamque
356 2893 530 2976 Xenophon
563 2893 630 2976 ipse
650 2895 681 2960 id
704 2895 787 2976 quod
817 2911 914 2976 supra
936 2911 994 2974 per
1014 2892 1232 2974 reprobabile

139 3019 210 3070 etse
232 3001 331 3068 stetui
353 3008 474 3082 narrat,
498 3003 527 3086 ἓ
543 3008 581 3069 17
605 2995 864 3086 innotescentes
886 3000 994 3067 ἐκτοῢ
1017 3000 1073 3068 ἐπὶ
1086 3001 1232 3082 Λέχαιον

137 3108 526 3196 astronomicarum
549 3117 587 3178 ut
600 3111 711 3178 Grotio
733 3114 844 3179 eadem
861 3129 942 3195 queo
965 3111 1040 3178 mihi
1052 3111 1230 3179 Lechaeum
1309 3195 1313 3200 .

138 3220 509 3290 eLacedaemoniistnm
526 3227 712 3305 occupatum
727 3221 825 3290 fuisse
839 3223 979 3288 censenti
1006 3223 1124 3289 emetat
1152 3220 1232 3286 oirfi-

138 3331 257 3412 curltos3
280 3348 352 3395 nam
375 3331 400 3396 si
420 3335 547 3411 praeter
568 3349 676 3397 muros
696 3332 792 3396 etiam
816 3332 995 3398 lethaeum
1019 3329 1232 3396 inherciae-

138 3438 317 3505 mentorum
342 3442 509 3521 potestate
539 3445 638 3524 erat,¹
664 3457 720 3507 eur
752 3441 916 3522 eliquanto
950 3439 1105 3507 difficilior
1130 3437 1233 3506 luent

137 3565 302 3614 murorum
331 3548 489 3616 restitutio
511 3566 606 3630 quom
637 3550 710 3616 solis
732 3550 829 3616 moris
857 3541 1020 3632 occupatis
1046 3562 1108 3615 non
1128 3549 1232 3616 uideo.

239 3656 436 3738 Argumenta
457 3658 561 3740 igitur,
596 3677 679 3742 quae
710 3659 840 3727 Grotius
871 3665 905 3726 ct
935 3659 1091 3724 Kirchner
1122 3661 1233 3725 contra

138 3782 205 3843 coe,
229 3765 282 3846 qui
303 3766 460 3833 Lechoom
482 3769 650 3844 eumintre
671 3786 779 3836 muros
800 3773 997 3872 pugnaretur
1015 3772 1144 3850 ceptum
1164 3785 1234 3835 esse

138 3877 277 3952 censent,
312 3875 498 3956 attulerunt,
532 3877 644 3944 debilia
666 3882 748 3962 sunt,
781 3879 834 3944 sed
857 3878 1012 3944 accedunt
1036 3877 1100 3943 alio
1119 3878 1232 3958 quibus

138 4001 211 4051 curn
234 3981 296 4050 illis
323 3983 427 4052 facere
450 3989 603 4054 vetemur.
647 3987 742 4054 Parvi
765 3987 889 4069 quidem
912 3987 1062 4053 momenti
1091 3988 1139 4052 est
1159 3986 1234 4051 Dio·

140 4089 209 4158 dori
233 4091 374 4160 narratio
399 4097 447 4173 ll,
472 4089 525 4176 8'6,·
547 4095 724 4163 Lechaeum
747 4095 879 4163 Praxita
900 4095 978 4163 doce
1000 4099 1074 4162 ante
1094 4111 1233 4180 pugnam

139 4202 227 4269 intra
249 4218 355 4268 muros
377 4205 579 4276 commissam
599 4210 726 4292 ceptum
743 4223 821 4285 esse,
843 4224 914 4273 cum
937 4223 1019 4286 quae
1039 4202 1083 4270 ibi
1104 4191 1233 4269 tradun-

140 4314 196 4378 tur
217 4327 288 4376 cum
310 4309 539 4394 Xenophonteo
560 4314 741 4382 comotione
762 4313 891 4383 minime
907 4315 1081 4396 congruant
1100 4314 1135 4380 et
1153 4310 1235 4380 hono
