2894 4906
651 417 690 478 55

129 586 297 684 ιύύύνδρες,
333 599 582 688 τελευτήσαντος
605 595 818 694 Κλεωνύμου·
842 600 966 679 ἐκεῖνος
991 596 1053 686 ’γὰρ
1081 601 1145 682 ζῶν
1164 598 1224 683 μέν

128 703 205 793 ἡμῖν
231 707 382 774 κατέλιπε
403 704 465 793 σύν
489 701 617 788 οὐσίαις
638 729 711 776 nam
734 712 762 776 si
782 716 929 777 accurate
949 711 1002 776 ubi
1025 717 1132 776 orator
1153 726 1222 792 pro·

128 817 261 886 nominis
281 819 403 900 primae
424 831 579 900 personae
597 821 800 903 singularem,
822 820 875 887 ubi
896 820 1054 902 pluralem
1074 820 1222 886 adhibuo·
1286 874 1293 890 .,
1314 865 1318 871 -

129 928 172 992 rit
199 928 449 1009 perlustraveris
474 927 526 1008 (oi.
549 931 644 994 velim
677 935 695 994 6
730 953 788 1012 μοι
819 929 986 1011 δοκοῦμεν,
1017 919 1221 1013 ἀγωνίζομαι,

126 1041 146 1100 8
169 1027 258 1118 οἶμαι
281 1071 294 1084 -
313 1026 460 1120 ύύρξομαι.
486 1043 504 1102 9
527 1033 605 1120 έμύν
628 1033 723 1123 ἔργον
755 1036 824 1104 ἐστὶ
856 1041 1053 1123 κατηγορεῖν,
1077 1037 1220 1122 poppaei·-

124 1169 197 1228 μην,
222 1151 259 1229 lb
284 1145 465 1230 παρέξομαι
491 1151 528 1212 16
549 1145 630 1231 λέγω
645 1184 660 1196 -
674 1142 765 1212 κάλει
776 1171 843 1230 μοι,
868 1141 1064 1235 17υὴγούμαι
1078 1184 1095 1194 -
1107 1141 1222 1228 doddo·

125 1245 1223 1342 mmmmmmfflmmmwmm

124 1367 206 1446 plur.
224 1384 371 1433 numerus
386 1367 439 1431 vix
462 1367 602 1437 adhiberi
623 1371 761 1451 poterat)
775 1371 803 1434 si
822 1369 905 1434 huno
918 1387 1009 1434 usum
1029 1367 1221 1450 ooguove'ris,

125 1479 159 1540 te
185 1493 246 1540 non
278 1480 468 1558 negaturum
502 1477 594 1544 oredo
625 1476 821 1543 scribendum
851 1492 920 1543 esse
940 1469 1114 1563 perminii)v
1135 1468 1221 1559 ἡμῖν,
1321 1507 1325 1514 -

126 1601 209 1664 quae
229 1583 362 1650 mulatio
382 1603 446 1651 non
466 1583 636 1652 admodum
658 1584 791 1678 dilboilis
810 1591 861 1653 est
871 1587 907 1668 ²).
931 1579 933 1586 '

224 1695 253 1772 2,
280 1691 316 1756 13
333 1692 477 1771 (iubatus,
500 1695 554 1774 qui
576 1693 615 1759 de
630 1693 739 1776 prima
759 1701 793 1762 et
814 1697 917 1760 altera
931 1693 1011 1760 lsaai
1024 1691 1220 1758 orationibus

124 1805 242 1886 optime
254 1803 385 1870 meritus
407 1807 466 1883 est,
487 1804 519 1868 iu
542 1798 691 1890 verbis&
704 1791 817 1887 νόμος)
841 1799 877 1882 dg
897 1797 1020 1868 κελεύει
1039 1796 1080 1866 τὰ
1101 1795 1222 1866 ἑαυτοῦ

124 1911 244 1992 ἐξεῖναι
257 1909 437 1977 διαθέσθαι
459 1905 553 1989 δσιως
574 1905 613 1974 δν
635 1910 734 1999 ἐθέλῃ
755 1914 899 1994 componi
911 1912 997 1978 nullo
1015 1910 1109 1989 modo
1131 1927 1221 1992 posse

123 2015 267 2085 κελεύειν
288 2026 321 2086 et
342 2019 460 2101 ἐξεῖναι
482 2009 672 2088 contendens
694 2024 726 2087 in
750 2022 865 2088 Mnem.
879 2023 926 2100 ll,
952 2025 1011 2086 127
1031 2029 1220 2104 proponens·

124 2148 188 2211 que
215 2125 394 2215 διαγορεύει
419 2128 524 2212 (simili
545 2130 637 2196 modo
659 2134 765 2196 mutat
790 2136 838 2212 lo,
866 2129 920 2216 10)
942 2147 1066 2198 errasse
1088 2131 1221 2196 videtur.

122 2235 206 2302 Nam
225 2237 337 2304 Graeci
357 2238 503 2306 dicebant
526 2232 661 2320 ὁνύμος
681 2233 804 2304 κελεύει
826 2245 860 2304 et
875 2234 977 2322 νόμος
998 2237 1085 2304 ἐστὶν
1103 2237 1223 2319 ἐξεῖναι

122 2344 313 2425 διαθέσθαι,
339 2364 420 2428 quae
438 2346 611 2412 locutiones
639 2347 684 2412 ita
717 2348 987 2431 coniungebsntur
1011 2354 1049 2413 ut
1076 2341 1095 2411 ὁ
1121 2335 1221 2428 νόμος

123 2450 248 2520 κελεύει
275 2453 392 2536 ἐξεῖναι
418 2455 598 2521 διαθέσθαι
619 2458 652 2521 in
682 2475 774 2522 usum
802 2457 934 2535 veniret,
967 2449 1108 2521 κελεύειν
1134 2455 1219 2522 verbi

122 2564 340 2642 videbilitata
363 2565 394 2630 id
404 2565 488 2646 quod
496 2581 554 2630 nos
570 2565 783 2645 ,αιειοιδαεαιι
809 2566 949 2632 dicimus.
961 2567 1059 2632 Recte
1079 2564 1220 2632 mebaeo
1290 2589 1293 2592 ·

122 2673 304 2754 disputasse
313 2673 404 2739 dooet
416 2673 504 2739 locus
523 2673 577 2754 qui
593 2673 709 2754 legitur
723 2674 802 2739 Isae.
816 2677 866 2754 10,
881 2678 919 2738 13
941 2667 1068 2738 κελεύει
1090 2667 1219 2754 ὁνύμος

123 2775 237 2864 κύριον
256 2773 338 2846 εἶναι
363 2775 566 2866 δοῦναιύτῳ
578 2775 742 2870 βούλοιτο,
775 2799 876 2864 neque
901 2783 1065 2864 quisquam
1090 2779 1220 2849 offendit

122 2893 156 2955 in
177 2889 249 2972 Lys.
272 2893 320 2969 22,
344 2887 556 2956 brionniae.
580 2887 692 2956 Graes.
715 2894 744 2969 5,
767 2895 796 2972 θ,
820 2894 860 2955 30
891 2889 1033 2972 (hypotb.
1056 2889 1096 2956 ad
1128 2891 1218 2957 Deru.

124 2997 708 3083 mmmmmmmmm
1132 3028 1137 3040 =

223 3105 305 3184 Quid
338 3105 422 3188 quod
452 3107 645 3185 Isae.10,'2
677 3099 780 3189 ὁγᾰρ
813 3102 913 3188 νόμος
934 3099 1060 3171 κελεύει
1092 3101 1133 3170 τὰ
1158 3102 1218 3188 μέν

122 3211 241 3282 ἑαυτοῦ
261 3213 442 3280 διαθέσθαι
474 3207 541 3300 ὅτῳ
563 3207 602 3278 dv
623 3211 732 3301 ἐθέλῃ,
756 3215 822 3280 τῶν
847 3213 883 3300 δέ
904 3199 1083 3300 ἀλλοτρίων
1103 3205 1217 3282 ούδένα

122 3318 236 3406 κύριον
255 3323 418 3408 πεποίηκε
431 3324 629 3390 inserendum
639 3343 715 3404 ⁴esse
738 3325 852 3408 aliquis
870 3305 1057 3408 *suspicetur
1078 3322 1217 3404 ἑξεῖναιθ
1259 3335 1265 3360 ⁸

121 3452 198 3500 nam
218 3434 333 3501 licebat
355 3432 596 3500 Atheniensibus
623 3437 849 3500 testamentum
870 3433 983 3516 faeere,
1010 3451 1120 3498 verum
1146 3435 1216 3515 cogi

120 3559 186 3607 non
206 3547 366 3624 poterant3
390 3542 445 3608 sed
466 3541 517 3607 hie
539 3558 664 3625 qnoque
682 3543 769 3607 verbi
790 3541 837 3607 vis
858 3541 1023 3607 debilitata
1044 3547 1100 3620 est,
1123 3538 1162 3607 of.
1187 3546 1216 3621 3,

123 3653 167 3715 58
189 3644 206 3714 d
240 3649 276 3714 δέ
297 3643 397 3732 νόμος
420 3646 517 3712 πέντε
540 3646 621 3712 ἐτοῖν
641 3643 768 3713 κελεύει
789 3642 989 3714 δικάσασθαι
1010 3657 1068 3714 τοῦ
1088 3642 1217 3735 κλήρου.

122 3760 187 3828 Sed
218 3761 277 3830 hoe
308 3760 374 3842 ipso
396 3759 464 3826 loco
496 3757 681 3842 sacillimff)
704 3759 876 3825 mutatione
909 3760 1020 3826 ΟΤΩΙ
1049 3760 1081 3822 in
1105 3760 1219 3824 ΟΓΩΣ

223 3894 249 3964 1)
267 3894 344 3948 Dem.
363 3895 424 3956 abo,
443 3896 477 3948 13
498 3910 549 3964 pro
572 3895 641 3966 ἐμοῦ
659 3893 791 3948 exhibent
810 3891 890 3965 ὑμῶν
905 3894 983 3964 SFV,
1001 3895 1061 3962 626,
1080 3894 1116 3949 26
1133 3890 1215 3948 ἀνιού-
1337 3913 1341 3922 ’

122 3999 159 4058 σῃ
181 4003 237 4054 μου
254 3979 328 4048 SFO,
346 3980 426 4054 ἡμῶν
443 3969 546 4056 δακρύσῃ
564 3983 638 4054 volg.
868 3991 871 4000 '

222 4071 250 4141 2)
267 4069 364 4126 eodem
388 4069 471 4125 modo
495 4085 546 4124 nos
568 4070 709 4140 loquimur
735 4069 837 4139 ‚3Solon
861 4071 940 4124 hatte
969 4071 1118 4126 verordnet
1134 4071 1216 4140 jeder

119 4159 227 4228 bfirgor
245 4155 313 4211 sollo
330 4155 488 4227 boreobtigt
506 4157 581 4211 sain“
608 4157 684 4226 (usus
706 4173 767 4212 aum
785 4157 877 4212 verbis
891 4157 1008 4227 -Frohb,
1025 4155 1104 4227 'quae
1121 4159 1215 4229 legun·

119 4252 171 4302 tur
188 4245 218 4299 in
234 4245 441 4300 introductione
460 4245 495 4298 sd
513 4243 584 4314 Lyn·
596 4243 650 4314 30).
1258 4316 1263 4328 ⁸

223 4336 249 4404 3)
267 4341 292 4388 Γ
308 4339 337 4392 et
357 4341 384 4394 T
398 4335 557 4408 saepissime
574 4333 794 4406 confunduntur,
813 4336 1003 4414 nequeminus
1022 4351 1087 4395 raro
1106 4343 1122 4396 1
1137 4337 1166 4390 et
1181 4337 1215 4411 Σ,
