2894 4906
668 391 707 452 25

156 623 159 632 .
239 573 393 638 Nuneiam
433 573 499 652 ipse
525 570 651 651 aliquot
681 570 767 636 locos
802 569 1036 650 interpretabor
1068 574 1101 640 et
1127 569 1153 634 si
1185 569 1233 656 dis

137 682 243 764 piacet
258 682 449 762 emendeb03
472 681 579 747 ordiar
592 699 612 745 a
625 677 821 776 defendenda
842 677 975 746 lectione
989 681 1119 746 tradita.
1146 684 1172 763 1,
1194 683 1237 744 20

138 790 209 856 libri
229 791 382 857 *exhibent
395 793 415 855 τ’
441 781 700 874 ἡ·διακονήσασα
730 787 784 850 καὶ
815 781 1073 872 χειρονρνήσασα
1105 782 1172 868 ἔχει
1195 781 1237 850 ιὰ
1353 861 1357 868 ,

142 896 298 983 ἐπίχειρα,
325 884 370 963 ὦν
391 890 465 979 ἀξία
485 885 533 986 ἦν,
553 889 651 980 οὐδὲν
673 893 761 964 αἰσία
785 881 866 961 οὖσα
886 897 947 981 (τῷ
968 890 1027 979 γὰρ
1050 895 1234 982 δημοκοίνῳ

136 1011 356 1090 conpensatra
385 1002 571 1092 παρεδόθη)
606 1006 729 1073 Primus
766 1004 896 1071 offendit
930 1006 1112 1072 Maecena:
1150 1007 1235 1087 „Gur
1260 1018 1261 1026 ’

143 1119 257 1198 enim“‚
281 1120 392 1202 inquit,
416 1097 660 1200 ,προχισθεῖσα
688 1119 782 1195 torte,
814 1113 951 1180 carnifici
973 1117 1137 1182 traditur?
1167 1117 1235 1196 ipse

112 1227 242 1308 *potius
276 1226 414 1293 carnifex
436 1229 564 1294 tortoris
597 1228 705 1308 partes
724 1241 819 1308 egere
842 1223 984 1304 debebat,
1019 1243 1121 1308 neque
1151 1244 1234 1317 quae

137 1328 238 1400 invite
260 1335 418 1402 interfecit
439 1335 606 1414 hominem,
634 1334 855 1416 gravissimam
878 1333 990 1416 cepitis
1012 1351 1145 1414 poenam
1169 1351 1234 1398 me-

138 1445 244 1512 ruisse
257 1446 399 1528 putanda
421 1443 501 1511 est.“
523 1444 625 1522 Quam
645 1425 917 1511 ratiocinationem
938 1440 1089 1526 probasse
1111 1443 1236 1510 videtur
1290 1519 1291 1526 ἵ

138 1553 247 1620 Herm.
272 1553 439 1636 Sauppius‚
473 1553 611 1618 omnium
647 1554 701 1634 qui
734 1571 816 1618 nunc
849 1553 880 1624 in
908 1535 1089 1620 oratoribus
1117 1552 1232 1624 Atticis

140 1667 310 1729 versantur
330 1663 440 1743 procul
458 1663 554 1728 dubie
575 1664 732 1756 princeps,
759 1663 813 1728 sed
837 1661 1052 1749 νρσχισθῆναι
1082 1661 1234 1728 coniciens

139 1771 259 1837 leniore
280 1770 436 1838 medicina
458 1789 554 1851 quam
576 1769 738 1836 Moetzner
751 1771 774 1850 ¹)
798 1787 873 1836 usus
896 1775 974 1836 erat.
998 1769 1114 1838 Atiae
1134 1769 1235 1852 Saup-

139 1881 228 1963 pium
246 1882 380 1946 oratoris
396 1899 523 1946 menum
546 1879 733 1958 restituisse,
768 1879 854 1946 itane
885 1897 1008 1946 servem
1023 1880 1140 1949 instem
1163 1897 1234 1961 poe·

137 2003 214 2054 neni
246 1994 340 2069 putes
360 1989 511 2056 dedisse?
547 2007 649 2054 noune
673 1987 716 2070 (ᾗ.
741 1987 773 2069 9)
802 1988 1027 2068 postulaverat
1041 1993 1159 2069 orctor‚
1196 1993 1234 2054 ut

139 2097 246 2178 patris
267 2097 359 2176 servi,
396 2099 450 2178 qui
479 2096 729 2164 innocentissimi
747 2101 848 2176 erent
884 2095 993 2162 eadem
1028 2094 1234 2164 afficerentur

137 2208 270 2289 poeno?
300 2224 403 2273 nonne
430 2224 552 2288 semper
576 2207 667 2286 servi,
704 2207 731 2272 si
753 2205 793 2270 de
812 2207 920 2286 aliquo
953 2205 1069 2272 domiui
1091 2223 1126 2270 re
1158 2195 1234 2286 age·

136 2317 242 2396 batur,
275 2316 528 2398 torquebantur?
563 2335 637 2382 nam
666 2313 878 2397 ιροχίζεσθαι
909 2317 960 2382 est
988 2312 1231 2397 βασανίζεσθαι,

135 2425 367 2506 torquebantur
387 2427 470 2490 enim
493 2423 548 2490 ἐπὶ
568 2425 700 2510 τροχοῦ,
721 2429 749 2504 5,
772 2429 822 2492 40.
845 2429 885 2492 42
906 2425 986 2490 And.
1013 2429 1039 2504 1,
1062 2427 1113 2490 43.
1136 2424 1232 2490 Cuius

135 2535 184 2599 rei
217 2535 272 2614 oui
293 2535 481 2613 meminerit,
517 2554 641 2600 servam
672 2535 844 2602 secundum
867 2533 984 2616 Sauppi
1018 2533 1231 2602 coniecturam

133 2645 218 2708 iusto
243 2642 388 2710 affectam
411 2661 479 2710 esse
503 2643 655 2726 supplicio
677 2642 815 2725 negabit.
864 2642 991 2708 Accedit
1014 2643 1166 2710 altemm:
1188 2643 1232 2708 ie·

133 2752 222 2834 gitur
243 2754 273 2817 in
290 2753 427 2818 Bekkeri
450 2753 645 2830 arcendos,
669 2753 709 2816 28
730 2754 958 2832 τροχισθεῖσαε
982 2753 1230 2832 βασανισθεῒσα,

134 2851 205 2926 ἀπὸ
217 2860 339 2942 scopos
356 2854 439 2944 ὅπερ
451 2859 538 2926 ἐστὶν
548 2849 685 2944 ὄργανον
699 2858 926 2941 βασανισιικὸν
936 2861 1098 2926 διατεῖνον
1111 2854 1153 2924 cci
1166 2851 1231 2926 σώ-

133 2993 222 3052 ματα
253 2973 320 3034 τῶν
341 2968 608 3054 βασανιζομένων,
645 2988 728 3052 quae
759 2971 877 3054 glossa
914 2971 988 3051 quia
1019 2969 1230 3054 τραχέζεσθαι

134 3079 267 3144 verbum
290 3098 363 3144 raro
385 3079 561 3158 adhibetur,
584 3079 660 3146 hoec
682 3079 752 3160 ipsa
768 3082 878 3145 eutem
897 3077 1007 3160 forma,
1030 3098 1112 3160 quoe
1135 3081 1231 3146 reris-

135 3189 215 3256 sime
236 3190 381 3271 usurpari
391 3187 540 3271 ‘poteret
564 3206 721 3269 nusquam
743 3187 818 3253 aiibi
841 3187 926 3268 apud
946 3190 1131 3270 scriptorem
1148 3189 1231 3255 Atti·

132 3317 208 3362 cum
231 3298 358 3380 iegitur,
381 3299 420 3364 ed
440 3297 544 3363 locum
560 3303 652 3380 quem
676 3300 778 3364 tracto
800 3295 965 3364 referenda
981 3297 1114 3366 videtur.
1137 3298 1228 3376 Quod

130 3406 162 3472 si
183 3411 268 3472 reete
289 3407 397 3486 statui,
421 3406 513 3472 lectio
535 3407 655 3472 tradite
674 3406 761 3486 setis,
776 3410 900 3472 vetusto
922 3404 1099 3472 testimonie
1123 3405 1229 3472 deien-

131 3514 271 3596 ditur-²).

127 3706 215 3756 eorm,
240 3691 318 3759 Fyl
343 3689 485 3744 Meetnner
503 3694 531 3744 et
554 3690 578 3753 5,
597 3692 631 3744 32
654 3691 686 3746 R.
706 3690 803 3747 eodem
829 3689 912 3744 modo
928 3688 1123 3754 defenderunt,
1147 3691 1173 3755 ὅ,
1196 3693 1229 3746 18

124 3777 307 3847 Brieglebins
331 3778 414 3832 simili
434 3778 517 3832 modo
540 3795 620 3846 cerr,
648 3783 672 3843 6,
690 3781 706 3833 ὅ
725 3774 810 3838 ἄλλως
828 3797 856 3832 τι
874 3781 930 3834 iem
948 3778 981 3833 R.
999 3779 1084 3836 inseri
1102 3779 1227 3836 iusserat.

235 3866 260 3935 1)
284 3865 332 3935 qui
356 3868 549 3936 παραδοθεῖσα
573 3869 721 3939 &pollutio
743 3867 869 3924 coniecit.
910 3867 1014 3938 Ssuppi
1032 3868 1227 3942 conjecturum

121 3954 263 4029 probavit
280 3954 417 4010 Frauisius
435 3957 464 4010 in
483 3973 546 4010 ann.
567 3956 634 4026 phil.
653 3959 696 4022 28,
716 3959 758 4023 65,
776 3958 881 4027 recepit
899 3957 1029 4011 Blessius.

231 4043 260 4106 2)
276 4042 360 4098 liceat
385 4044 417 4097 ἐν
440 4037 556 4114 παρόδῷ
574 4043 672 4114 Lysiae
689 4043 780 4100 iocum
798 4045 959 4100 testimonio
979 4044 1059 4100 tueri.
1086 4044 1118 4098 ln
1137 4043 1228 4098 verbis

120 4143 203 4202 qnae
224 4132 249 4196 1,
267 4131 299 4184 13
317 4130 463 4199 leguntur:
481 4133 570 4198 ἐκείνη
590 4132 620 4186 δὲ
639 4127 781 4186 ἀναστᾶσα
799 4136 845 4186 καὶ
862 4129 982 4186 ἀπιοῦσα
1001 4136 1162 4204 sepontium
1178 4133 1228 4196 τὴν

119 4213 222 4288 θύραν
254 4217 521 4274 T.1.Hcibertsme
543 4221 572 4274 in
590 4220 692 4276 Mrem.
714 4223 755 4289 11,
775 4222 826 4275 207
852 4227 899 4274 καί
930 4220 1018 4276 deieci
1036 4220 1126 4288 iussit,
1152 4219 1228 4288 quod

119 4306 263 4384 probavit
282 4308 468 4378 i'rohberger‚
492 4308 598 4379 Kayser
618 4310 658 4362 ita
680 4313 712 4365 ut
737 4309 819 4366 etium
843 4305 964 4366 ἀπιοῦσα
983 4309 1135 4376 damnaret,
1153 4306 1227 4377 (fisl-
