2894 4906
340 1323 611 1479 spiritunon
642 1321 992 1406 eoirnovultsm.

170 1687 196 1756 l.
219 1691 356 1774 Theogn.
368 1696 430 1758 884
441 1693 558 1760 scribo:
580 1693 771 1779 θωρηχθεὶς
791 1693 820 1758 δ’
832 1688 912 1780 ἔσσῃ
927 1689 1050 1759 πολλὸν
1073 1687 1208 1781 ἐλαφρό-

224 1821 326 1881 τερος.
907 1827 909 1832 ·

171 1936 199 1996 2.
222 1932 361 1998 011.
385 1937 433 2012 42,
463 1933 551 1999 cuius
568 1931 706 2000 frustula
730 1953 746 2000 0
768 1939 800 1998 et
826 1931 1074 2000 bKirchhoffius
1102 1951 1211 2016 perpe·

224 2059 293 2105 ram
315 2042 524 2122 composuisse
545 2041 679 2122 videtur,
701 2061 717 2108 c
739 2062 768 2106 v.
788 2045 825 2106 16
845 2064 955 2124 μαχος,
976 2038 1110 2119 luceiae
1129 2044 1210 2123 lego.

170 2178 197 2239 3.
220 2175 329 2286 Neque
351 2193 390 2241 ex
410 2174 489 2240 libro
511 2176 654 2243 Parisino
668 2175 831 2242 Platonico
853 2176 907 2257 qui
928 2176 956 2240 D
978 2177 1087 2243 littera
1107 2177 1211 2261 signo-

226 2289 319 2366 turp
340 2301 441 2364 neque
463 2303 503 2350 ex
525 2293 544 2367 p
564 2285 739 2367 descriptus
760 2290 809 2352 est
830 2285 869 2366 K,
902 2288 939 2349 ut
961 2285 1210 2372 statuitschan·

224 2391 291 2457 zius
311 2391 420 2458 Herm.
445 2397 492 2471 11,
518 2397 587 2458 113.

168 2529 197 2588 4.
220 2524 382 2591 Lectiones
416 2544 495 2608 quos
524 2543 624 2608 nuper
659 2526 747 2592 Aem.
768 2525 999 2608 Roscnbergius
1030 2543 1068 2590 ex
1099 2523 1212 2591 Aldina

223 2633 456 2718 Hamburgonsi
470 2635 585 2716 publici
595 2634 668 2701 fouit
685 2633 762 2700 iuris
777 2639 953 2718 congruunt
972 2652 1042 2699 oum
1064 2634 1118 2714 eis,
1132 2651 1212 2715 quus

225 2740 343 2807 Sluiter
363 2744 394 2808 in
421 2744 493 2810 loct.
517 2742 634 2809 Andoc.
658 2762 698 2809 ex
718 2743 833 2808 Aldine
852 2760 934 2824 quoe
962 2743 1109 2810 servatur
1128 2743 1212 2825 Lug·

224 2851 299 2916 duni
322 2853 512 2920 Batavorum
537 2852 763 2937 publicaverat,
785 2856 818 2918 ot
842 2871 881 2918 ex
901 2852 1050 2945 Leidensi
1069 2852 1102 2917 in
1115 2849 1212 2918 Ham-

224 2959 412 3066 burgensem
433 2962 659 3045 transscriptoe
682 2961 837 3028 videntur.

43 3123 47 3130 ·
169 3099 197 3160 5.
223 3093 341 3178 Hyper.
363 3100 443 3162 orat.
463 3096 528 3163 fun.
550 3100 581 3177 4,
603 3099 622 3161 8
641 3113 704 3160 non
737 3113 807 3161 cum
830 3075 1019 3161 Buechelero
1040 3094 1085 3174 (in
1106 3092 1210 3160 Fleok.

226 3221 299 3268 ann.
323 3208 391 3281 111,
416 3203 491 3286 309)
522 3202 677 3288 γενέσεως
698 3203 752 3269 καὶ
782 3204 863 3291 ζῳῆς
884 3201 937 3267 καὶ
957 3201 1083 3289 τροφῆς
1103 3201 1212 3286 sorib0,

226 3312 281 3377 sed
294 3311 449 3395 γενέσεως
456 3311 508 3376 καὶ
518 3301 618 3397 αὔξης
630 3312 684 3378 καὶ
695 3312 830 3402 τροφῆς,
845 3311 883 3378 of.
894 3312 977 3378 Plau.
985 3312 1018 3377 in
1029 3331 1093 3395 rep.
1106 3315 1167 3376 509
1175 3311 1211 3378 B.

169 3449 199 3512 6.
222 3411 369 3511 Annxim.
395 3451 441 3526 10,
464 3450 482 3509 5
503 3445 617 3528 Speng.
649 3446 914 3528 transponendum
937 3452 985 3513 est
1014 3441 1052 3512 τὰ
1074 3434 1145 3533 ἡδῦ
1158 3445 1212 3512 καὶ

144 3646 148 3652 ·
226 3549 265 3620 τὸ
287 3547 401 3643 ῥᾴδιον
421 3552 475 3618 καὶ
495 3551 534 3619 τὸ
557 3546 701 3618 δυνατόν.

168 3694 197 3753 7.
222 3689 347 3755 Arriam.
366 3688 476 3770 exped.
498 3685 588 3752 Alex.
612 3691 640 3767 6,
663 3690 714 3768 23,
736 3694 754 3751 2
772 3687 893 3772 corrigo
917 3682 1044 3754 Θόαντα
1063 3682 1119 3754 τὸν
1139 3691 1210 3753 Μα-

226 3791 381 3880 νοδώρου.

169 3933 199 3996 o.
220 3928 287 3998 niv.
310 3932 360 4011 23,
382 3932 514 4013 23-24‚
548 3931 797 4012 100138-39,
830 3933 848 3994 5
870 3928 1029 3997 valerium
1050 3929 1211 3998 Antonin

227 4033 386 4102 euoto'rem
408 4041 535 4106 secutus
557 4041 615 4104 est.

168 4175 199 4237 9.
224 4168 290 4234 Liv.
310 4172 361 4250 42,
384 4173 422 4235 13
445 4169 584 4237 confudit
610 4174 644 4236 et
664 4171 789 4238 miscuit
812 4171 916 4239 omnic
938 4172 970 4238 in
992 4172 1118 4248 Aetolis
1137 4170 1212 4245 Per·

233 4275 423 4358 rhuebiuque
444 4277 640 4364 scribendum
664 4277 796 4348 videtur.
