2894 4906
631 387 702 457 -9

143 578 227 657 diam
254 581 397 664 (99A)'ot
427 579 661 662 expeditionem
679 581 828 666 Cypriam
849 580 943 662 Ι(390)
956 581 981 662 ¹)
1000 583 1154 661 quattuor
1183 579 1234 644 991
1301 667 1303 672 Ι

142 677 399 771 991999999999
420 679 623 772 interpositos
638 683 709 758 es'se
724 684 815 758 dicit.
838 690 1004 758 Kirchueri
1026 690 1124 772 igitur
1139 690 1235 755 inter·

13 793 22 810 ‘
142 801 346 881 rogationem,
367 817 450 882 quae
469 819 499 882 p.
522 804 561 866 27
584 801 718 888 iegitur:
741 820 802 880 „an
823 819 886 866 uno
908 819 990 868 anuo
1012 801 1120 867 addito
1141 805 1237 883 putas

142 909 215 975 helii
237 909 328 974 mala·
345 911 377 975 in
401 911 535 978 Boeotos
557 899 767 978 ¹redt'rndautia
795 914 898 978 multo
922 911 1080 977 atrociora
1101 913 1135 974 et
1156 910 1237 974 iato-

142 1019 323 1086 ierahiliors
357 1020 516 1086 auditores
550 1022 620 1087 eius
653 1022 695 1086 in·
719 1021 863 1086 contione
883 1019 951 1086 sihi
984 1019 1110 1086 finxisse
1141 1035 1236 1100 quem

142 1144 204 1192 nan
223 1111 380 1194 999199“2’
397 1128 572 1194 conrnuha
586 1129 757 1210 probabilis
772 1144 868 1195 causa
884 1144 941 1195 cnr
962 1134 1070 1195 orator
1081 1129 1236 1194 minorem

73 1239 76 1246 ’
113 1243 114 1246 ’
142 1237 331 1318 praetulerit
359 1241 526 1304 numerum
556 1237 688 1306 inveniri
711 1235 821 1318 possit,
842 1237 937 1303 nihili·
956 1247 1041 1304 'esse'
1054 1239 1237 1320 apparato).

143 1347 180 1414 Id
206 1350 330 1412 contra*
348 1347 432 1430 quod
454 1345 599 1430 Krueger
632 1347 733 1412 voluit
755 1351 912 1413 oratorem
926 1361 930 1370 ’
945 1345 1059 1413 99399
1082 1346 1238 1412 rhetorico

143 1457 354 1539 superlatioue
369 1467 461 1522 usum
478 1457 765 1538 ›quattuorbellum
781 1457 870 1523 annis
893 1457 960 1539 geri
974 1457 1078 1524 dicere
1097 1442 1238 1539 potuisse

95 1551 98 1560 λ
143 1571 229 1633 recte
249 1572 375 1650 ·uegat·;
408 1567 463 1632 sed
485 1583 610 1648 sempor
630 1567 764 1632 duorum
791 1553 983 1634 -uumerar‘rdi
1004 1565 1169 1632 modorum
1183 1569 1239 1631 “ut

143 1693 194 1742 res
207 1676 350 1758 postulet
370 1675 462 1742 modo
485 1677 532 1741 alt
519 1680 631 1756 t,erum
654 1672 748 1742 modo
770 1675 907 1760 aiterum
922 1672 1077 1742 adhibere
1096 1678 1239 1741 oratores

143 1785 392 1852 tenendumt
344 1791 392 1851 est
403 1781 439 1869 ³.)
479 1787 586 1852 (1999·
578 1803 607 1851 ro
635 1787 694 1867 igit
694 1805 733 1850 ur
763 1789 801 1851 ot
786 1785 934 1852 thiemo
948 1769 1095 1868 3929391
1130 1783 1239 1850 habite

143 1893 186 1959 sit
207 1893 273 1959 heri
295 1906 390 1976 posse
410 1894 644 1960 concedendum
665 1895 741 1960 mihi
763 1910 831 1960 esse
852 1893 993 1994 put0⁴).
1063 1901 1066 1906 ’

143 2019 146 2030 ·
240 1989 287 2068 At
307 2004 391 2070 hoc
387 2007 548 2086 temporo
565 2003 741 2072 Andocides
762 2005 801 2070 de
820 2023 897 2087 poce
924 2005 1012 2086 leget
1012 2021 1056 2069 99
997 2001 1154 2069 tmitti
1176 2017 1237 2067 nou

142 2105 257 2196 potnit,
292 2111 319 2178 si
342 2113 467 2194 quidem
489 2113 596 2194 rerum
612 2114 745 2181 scriem
768 2133 788 2180 a
809 2113 920 2180 Grotio
939 2113 1145 2179 constitutam
1166 2121 1239 2178 cunr

143 2223 318 2288 Kirchnero
340 2221 491 2288 etGurtio
513 2223 685 2304 sequimur:
708 2223 789 2288 Nam
812 2225 967 2306 utsupra
988 2218 1238 2300 commemoravi,

142 2331 203 2397 viri
237 2330 320 2397 docti
353 2349 415 2396 non
437 2337 507 2396 cum
543 2333 626 2397 iut'ra
646 2349 754 2398 muros
778 2333 910 2398 Praxita
935 2332 1016 2397 duce
1042 2333 1240 2414 pugnaretur

146 2444 191 2524 (a.
215 2442 298 2522 392);
321 2435 377 2507 sod
403 2457 473 2504 cum
484 2439 654 2522 Agesilaus
683 2441 912 2523 expeditionem
935 2441 1100 2508 Isthmiam
1122 2437 1241 2506 iaceret

143 2549 322 2615 Lechaeum
355 2551 483 2631 coptum
503 2565 572 2614 9999
602 2537 821 2621 demonstrare
855 2531 1055 2615 studuerunt.
1110 2545 1178 2613 Η99
1200 2548 1241 2613 de

145 2675 181 2723 re
193 2659 261 2742 ogit
272 2657 427 2724 Kirchner
438 2677 470 2740 p.
482 2657 521 2722 22
537 2675 623 2738 sqq.:
646 2658 725 2737 „sub
740 2658 936 2742 Agesilaoet
948 2657 1092 2724 Teieutis
1103 2657 1240 2724 Lechae-

144 2757 205 2831 um
229 2770 444 2847 expugnatum
479 2781 547 2832 esse
576 2766 629 2848 qui
651 2765 785 2848 simplici
808 2785 844 2833 99
870 2766 972 2834 sobrio
1001 2766 1116 2834 iudicio
1135 2766 1240 2832 Xeno·

201 3013 204 3020 ·
247 2992 354 3062 1)naru
378 2991 495 3046 alteram
519 2990 725 3061 expeditionem
750 2989 902 3064 significem
928 2991 1031 3047 Bskins
1053 2991 1242 3048 Franckeuius

144 3082 267 3138 Blassius
278 3079 547 3149 suscepissemus,
563 3079 600 3137 99.
610 3081 793 3152 Frohborgor
807 3081 869 3150 [cyr
881 3086 951 3136 9999.
962 3081 1095 3150 9919996,
1106 3081 1140 3135 96
1151 3099 1183 3134 9.
1199 3081 1242 3136 do.

170 3233 173 3238 Ι
246 3169 275 3239 2)
294 3167 489 3252 Aristophanis
508 3185 606 3224 uersus
624 3170 672 3238 qui
690 3170 822 3244 leguntur
843 3187 903 3242 pso.
916 3170 1015 3226 9895
986 3174 1015 3227 99
1022 3187 1073 3226 coo
1091 3162 1242 3240 τρυχόμεθ’

146 3251 198 3324 ἤδη
216 3262 275 3328 τρία
293 3259 338 3310 καὶ
357 3255 457 3309 δέκα
443 3275 488 3324 erp
506 3257 656 3314 condiisse
677 3274 734 3314 uon
751 3257 849 3314 inutile
868 3259 934 3326 9919,
911 3257 1047 3312 iabuis
1065 3274 1088 3311 9
1106 3258 1158 3324 421
1177 3272 1244 3310 vere

145 3351 211 3400 aete
228 3349 279 3414 est,
258 3343 398 3398 tbelli'
390 3343 430 3397 1ni
432 3344 549 3400 tiuma
569 3341 619 3400 431
648 3345 734 3400 fuisso
760 3331 812 3400 nos
839 3339 971 3400 discimus
996 3345 1040 3414 (cf.
1060 3341 1145 3399 Thuo.
1165 3346 1190 3411 5,
1207 3343 1243 3398 25

145 3429 275 3499 δεκαετὴς
291 3425 432 3504 πόλεμος),
451 3431 500 3488 sed
520 3439 605 3502 poeta
631 3439 663 3488 ut
690 3451 821 3488 numerus
849 3438 1000 3505 augeretur
1022 3433 1099 3488 aba.
1118 3434 1172 3488 439
1189 3449 1245 3501 qno

61 3533 70 3542 ·
144 3537 220 3576 suno
249 3519 347 3574 foedus
371 3519 453 3574 iuter
466 3520 667 3576 Athenienses
664 3525 697 3576 st
714 3521 883 3592 Corcyraeos
908 3522 995 3577 iotam
1025 3525 1069 3576 999
1083 3534 1244 3575 numerasse

143 3607 269 3664 videtur.

247 3696 274 3764 9)
293 3698 326 3749 ut
343 3698 486 3748 oratorum
504 3709 570 3748 usus
595 3695 752 3750 iliustretur
770 3694 956 3766 Lyeurgum'
948 3713 976 3748 rn
996 3693 1093 3749 Looer.
1113 3692 1145 3746 21
1165 3709 1243 3747 ream

146 3777 269 3838 πλείω
254 3804 270 3849 η
289 3786 370 3837 πέντε
389 3783 442 3849 ἔτη,
475 3782 510 3835 56
532 3785 614 3836 πέντε
636 3785 671 3838 58
695 3782 724 3844 ἓξ
745 3782 867 3890 idogaris
889 3783 1030 3838 habitasse
1053 3781 1159 3852 dicore
1170 3797 1244 3836 uom-

146 3887 279 3927 memoro.

248 3960 276 4030 4)
295 3964 406 4030 arnapa
423 3957 513 4029 igitur
522 3959 576 4025 ἔτη
597 3957 672 4013 idom
690 3957 759 4014 mihi
777 3957 869 4012 salaro
885 3957 997 4012 videtur
1022 3955 1096 4025 quod
1118 3957 1247 4024 τέταρτον

146 4053 227 4104 tomi
240 4049 307 4117 ἔτος,
326 4047 402 4116 quod
420 4047 511 4101 999199
529 4047 637 4116 saepius
656 4045 807 4117 repositum
825 4045 874 4100 sed
893 4061 955 4100 oum
973 4045 1136 4114 piorumque
1155 4041 1201 4112 (99.
1219 4047 1244 4096 e.

142 4155 163 4192 9
165 4136 265 4190 ..And
288 4138 310 4196 l,
333 4133 391 4190 132.
418 4135 487 4189 Isse
511 4135 602 4204 614)
629 4149 665 4188 ox
687 4135 730 4188 his
757 4135 887 4190 numeris
908 4132 1082 4203 incognitum
1111 4130 1244 4198 reiquae

145 4226 385 4281 oommemoratar
401 4221 513 4279 initium
539 4223 663 4280 exiturae
683 4223 885 4294 computandus
902 4222 948 4285 sit,
975 4220 1090 4283 certius
1103 4217 1183 4298 quaid
1189 4216 1245 4280 dici

147 4312 198 4368 vix
227 4312 342 4383 poterit.
422 4361 425 4368 ,
