2894 4906
747 377 799 463 ἰο

231 579 474 650 Rauchensteini
510 583 689 649 coniectura
730 582 868 682 probata
918 584 1031 650 lucrati
1063 581 1206 652 erimus?
1240 577 1320 650 Nam

234 693 320 758 nullo
352 697 444 776 pacto
481 691 684 771 crediderim,
717 691 783 759 fieri
817 693 956 775 potuisse
990 699 1027 760 ut
1062 693 1203 760 adhibita
1241 711 1322 774 quae

232 801 357 884 proprie
386 793 517 867 uocatur
544 795 644 887 φάσις
674 801 796 866 actione
821 807 988 884 praeterea
1016 795 1170 886 ἒφήμήοις
1201 802 1322 868 institu-

232 916 349 977 eretur.
392 910 482 988 Quod
513 911 647 977 sirecte
672 927 765 993 nego,
802 908 929 996 φαίνειν
956 928 1064 976 vocem
1097 911 1321 992 ,‚denuntiarc“

233 1019 451 1102 explicandam
478 1037 546 1086 esse
567 1024 710 1100 apparet,
739 1020 794 1085 sed
812 1019 887 1101 quid
908 1021 1037 1086 taudem
1058 1013 1165 1106 φήσας
1185 1017 1217 1101 μ’
1242 1015 1322 1084 ἰδεῖν

232 1128 320 1208 psius
355 1132 404 1192 est
438 1142 532 1208 quam
554 1119 658 1213 φήνας
679 1125 712 1207 μ’
736 1116 1056 1214 ἰδώνοῖφανίζσνσαί
1091 1126 1170 1192 Mihi
1200 1127 1323 1222 videtur

232 1235 290 1301 hoc
310 1237 363 1301 vix
383 1235 549 1316 Graecum,
573 1239 657 1301 certe
677 1253 738 1300 non
760 1235 930 1316 Lysiacum
949 1254 1038 1316 asse3·
1061 1236 1155 1318 digna
1171 1241 1221 1303 est
1242 1253 1323 1316 quae
1371 1241 1374 1248 '

233 1343 396 1412 adferatur
423 1345 630 1424 Frohbcrgeri
658 1345 832 1410 adnotatio:
863 1345 953 1428 „dem
981 1339 1104 1432 φήναςιι
1133 1346 1235 1428 inquit
1260 1345 1323 1423 „ist

233 1447 312 1518 ἰδών
334 1453 491 1534 temporo}
512 1452 756 1534 imtergcordnst
785 1453 850 1518 und
872 1455 981 1520 'dauon
999 1477 1043 1536 με
1065 1490 1103 1500 -
1125 1445 1322 1540 ἀφανίζοντα

231 1563 420 1643 obnangig.“
456 1561 516 1628 Sed
539 1562 579 1628 ad
601 1562 681 1642 hanc
697 1567 871 1630 contortam
887 1567 1080 1630 structuram
1097 1562 1322 1630 defendendam

231 1671 363 1738 similem
374 1671 476 1736 locum
494 1687 557 1734 non
573 1671 686 1735 attulit
706 1688 807 1752 neque
828 1671 996 1752 quisquam
1019 1673 1050 1736 in
1072 1671 1185 1752 Lysiae
1207 1670 1324 1736 oratio·

231 1781 322 1845 nibus
358 1780 520 1846 invenerit.
574 1779 664 1857 Quod
696 1781 829 1846 sensisse
861 1780 984 1846 videtur
1001 1781 1169 1860 -Hammee
1206 1781 1259 1860 qni
1290 1779 1325 1844 in

234 1888 433 1970 ephemeride
460 1887 611 1954 Bavarica
641 1887 694 1967 XI,
718 1891 777 1968 198
806 1887 857 1970 (cf.
879 1888 961 1954 Bari.
981 1889 1124 1956 zeitschr.
1146 1888 1197 1976 fiir
1217 1905 1323 1970 gymn.

235 2002 285 2076 29,
308 1999 378 2078 764,
409 1997 571 2064 Hammeri
603 1997 952 2074 commentatiunculam
985 2016 1046 2062 non
1059 2033 1062 2040 ·
1077 1997 1154 2080 vidi)
1192 1997 1325 2064 coniecit

232 2098 336 2191 φήνας
353 2127 394 2186 με
416 2100 474 2192 τήν
495 2103 613 2188 μορίαν
633 2094 838 2192 ἀφανίζοντα,
861 2105 945 2186 quod
965 2110 1003 2170 ut
1022 2125 1064 2171 cx
1083 2105 1323 2186 epham.Be1·0l.

235 2217 283 2292 30,
306 2232 336 2296 p.
361 2217 423 2292 729¹
444 2215 579 2296 comperi
602 2213 760 2280 incudem
781 2213 901 2296 epham.
924 2213 1028 2280 Barac
1049 2215 1107 2280 vol.
1119 2230 1149 2295 p.
1161 2218 1221 2278 485
1240 2215 1323 2278 Kur-

232 2322 298 2388 zius
327 2322 482 2403 probavit,
514 2322 568 2386 sed
590 2317 694 2408 φήνας
724 2339 786 2402 quo
807 2322 958 2388 Hammer
980 2317 1084 2408 φάσιν
1116 2321 1322 2404 significatam

232 2430 375 2496 voluerat
393 2425 718 2511 recteinterpret'atus
739 2429 787 2511 „si
809 2431 1045 2498 denuntiasscs“
1068 2436 1190 2514 („uenn
1204 2430 1246 2495 du
1265 2451 1324 2498 zur

232 2541 360 2622 anzeige
380 2539 531 2622 gebracht
546 2537 717 2620 hacttest“)
739 2539 875 2604 Karnine
896 2539 994 2621 igitur
1006 2557 1128 2606 mecum
1142 2540 1181 2606 de
1195 2539 1324 2627 φαίνειν

231 2649 317 2715 verbi
338 2646 562 2729 significatione
583 2648 746 2727 consentit,
766 2648 822 2714 sed
844 2665 899 2712 cur
924 2649 1054 2714 tandem
1077 2639 1183 2735 φήσας
1194 2647 1227 2729 μ’
1241 2643 1324 2715 ἰδεῖν

231 2757 390 2824 mutarit?
413 2755 537 2840 (‚‚wenn
560 2755 608 2821 du
633 2761 746 2836 gesagt
766 2755 915 2836 bestiast,
947 2757 989 2822 du
1018 2757 1131 2824 habeat
1164 2757 1246 2824 mich
1269 2775 1324 2838 ge·

231 2866 337 2944 aeden,
359 2865 416 2930 wie
436 2865 487 2931 ich
509 2866 603 2946 cct.“)
634 2863 697 2931 Est
716 2871 935 2946 argumentum
957 2884 1019 2946 quo
1049 2867 1182 2948 primum
1204 2865 1326 2952 neuen.

231 2993 323 3042 usum
345 2993 415 3041 esse
446 2975 641 3056 diuputavi,
676 2975 808 3042 adnotat
830 2977 913 3052 enim
934 2975 997 3054 „da
1017 2970 1124 3062 φήσας
1145 2976 1324 3042 kaumcine

233 3083 465 3150 nachueisbare
494 3089 551 3148 att.
572 3083 654 3149 form
680 3082 751 3165 ist“,
781 3085 837 3151 sed
865 3090 974 3166 posteo
1006 3085 1068 3150 iam
1092 3084 1119 3148 1.
1142 3085 1321 3151 Bekkerum

231 3193 270 3260 de
302 3192 403 3259 forma
432 3185 540 3278 φήσας
572 3191 734 3258 dubitasse
770 3192 869 3273 video,
906 3209 978 3259 aum
1010 3192 1106 3258 Isocr.
1137 3200 1163 3272 1,
1192 3177 1237 3260 48'
1266 3211 1325 3276 pro

231 3295 397 3388 φήσαντος
429 3301 536 3368 ederet
568 3294 760 3388 φάσκοντας,
784 3305 816 3367 et
835 3301 1013 3370 Dobraeum
1041 3303 1094 3384 qni
1118 3302 1157 3370 ad
1181 3308 1324 3370 nostrum

230 3411 333 3477 iocum
363 3407 546 3491 adscripsit:
582 3409 711 3495 ,φήσας
742 3427 851 3477 vercor
879 3417 916 3476 ut
946 3411 989 3476 sit
1010 3410 1218 3489 Atticum“¹).
1261 3409 1324 3488 Qui

229 3538 319 3588 error
350 3537 390 3584 ne
422 3518 643 3598 inveterascat,
674 3518 761 3584 locos
783 3517 897 3598 quihus
918 3519 1036 3601 legitur
1070 3519 1129 3586 hic·
1151 3506 1324 3601 congerere

230 3627 496 3711 operaepretium
518 3627 656 3710 videtum
679 3633 753 3698 sunt
767 3626 815 3694 hi:
838 3627 935 3694 Thuc.
951 3632 1064 3709 5,,111.
1086 3628 1323 3700 Ριοι.11ιιοι.

331 3854 357 3924 1)
376 3852 534 3910 accuratius
553 3851 655 3912 Bakina
673 3851 691 3906 l.
710 3851 742 3906 l.:
762 3847 872 3924 ,φήσας
889 3869 953 3908 vore
971 3851 1097 3916 Atticum
1114 3869 1170 3908 non
1188 3857 1239 3922 οοί,
1258 3871 1324 3908 nam

233 3946 384 4014 usurpatur
398 3957 460 3997 cor.
480 3941 501 3996 I.
528 3938 603 4009 apud
621 3939 730 4008 Atticos
753 3957 809 3995 non
827 3941 882 3994 nisi
898 3939 1055 3996 affirmandi
1080 3957 1162 3996 sensu
1183 3940 1225 4010 (ut
1243 3941 1324 3998 Deru.

231 4036 272 4097 19,
292 4031 353 4100 168)
375 4029 411 4085 ad
433 4029 621 4097 quaestionem
645 4032 694 4082 aut
716 4028 752 4082 ad
769 4014 1043 4100 interrogationem“,
1072 4027 1121 4082 sed
1142 4027 1195 4082 hoc
1221 4027 1326 4084 falsum

230 4137 289 4176 esse
311 4119 374 4174 loco
399 4134 454 4186 quo
476 4118 535 4170 solo
562 4105 661 4186 partio.
687 4116 762 4186 apud
788 4115 933 4170 Platonem
958 4115 1060 4186 legitur
1082 4115 1217 4184 probatur
1239 4115 1254 4170 ὁ
1273 4115 1327 4186 τήν

228 4201 296 4280 Ἰριν
314 4200 474 4280 Θαύμαντος
490 4207 606 4276 ἔκγονον
615 4199 706 4277 φήσας
717 4203 830 4260 Theaet.
844 4206 895 4258 155
907 4205 939 4259 D.
950 4198 1110 4275 (ουμφήσας
1119 4203 1188 4257 Tim.
1200 4206 1235 4256 72
1242 4202 1280 4274 D)
1290 4235 1328 4245 -

229 4295 263 4350 cf.
283 4295 366 4351 etiam
386 4295 410 4350 si
427 4297 501 4351 tanti
518 4300 562 4351 est
579 4295 654 4350 Danu.
670 4297 716 4360 -22,
735 4297 776 4349 48.
799 4295 841 4350 70.
871 4293 969 4348 Aesoh.
992 4296 1015 4356 1,
1034 4295 1093 4347 114.
