2894 4906
760 397 797 460 12

328 581 391 656 Sed
413 581 513 648 omnis
534 579 704 648 difficultas
727 577 755 648 si
776 579 844 650 loco
865 579 1092 664 Xenophonteo
1112 595 1174 646 non
1189 574 1317 688 Lechaei
1428 563 1429 566 ’

230 688 328 762 naves
356 692 583 776 inullesendas
610 697 682 777 esse
702 693 873 762 statuimus
893 693 1045 760 facillime
1066 691 1206 772 tollitur3
1237 710 1317 775 uam,

113 831 116 836 ’
232 803 316 888 quod
336 804 400 870 iem
412 802 655 885 Hertabergium
669 804 870 886 proposuisse
882 803 982 886 rideo,
1004 803 1044 872 ab
1059 803 1179 872 oriente
1188 799 1319 868 Lechaei

217 913 317 994 capti
350 911 625 991 novanavaliaa
647 911 814 978 Oenothiis
836 913 996 982 instructa
1020 931 1088 980 esse
1109 913 1186 980 mibi
1215 908 1319 988 verisi-

231 1022 397 1098 millimum
420 1021 555 1102 videtur,
576 1021 755 1103 quodcum
777 1022 985 1090 Athenienses
1006 1025 1140 1090 stratam
1161 1038 1319 1088 murorum

231 1136 356 1214 partem
389 1133 596 1200 restituerent
615 1133 732 1201 iactum
756 1151 825 1202 esse
855 1134 981 1203 conicio.
1034 1133 1105 1202 Hoc
1124 1133 1221 1200 de-re
1241 1149 1320 1197 nuuc

229 1243 481 1326 agendumerit,
656 1302 659 1308 .
971 1249 973 1253 '
1133 1283 1158 1308 ι.
1203 1287 1208 1298 ,
1259 1279 1261 1284 v
1302 1319 1303 1324 ἵ

314 1351 461 1420 ,Grotius
491 1353 575 1424 enim
596 1358 631 1419 et
651 1353 808 1422 Kirchner
830 1356 874 1436 (p.
897 1353 957 1440 23)
973 1352 1190 1434 Xenophontis
1220 1349 1321 1416 verbis

232 1478 316 1542 quae
333 1465 362 1542 4,
385 1465 421 1541 4,
441 1465 478 1528 18
505 1461 665 1544 leguntur,
693 1461 908 1532 Athenienses.
922 1460 1148 1550 φοβουμένους
1178 1456 1240 1550 τὴν·
1264 1452 1321 1545 ῥώ-

165 1597 168 1605 “
232 1592 295 1656 μην
305 1569 373 1656 τῶν
386 1569 659 1653 Λανοδυιμονίων
679 1567 724 1658 μή
748 1571 824 1639 ἐπεὶ
843 1569 884 1639 τοὶ
907 1567 1016 1658 μακροὶ
1028 1571 1116 1657 τείχη
1129 1570 1197 1639 τῶν
1209 1573 1322 1651 Κοριν-

232 1676 321 1747 θίων
340 1672 441 1766 ᾕρητο
475 1673 612 1750 stupro
635 1678 692 1758 ἐπὶ
712 1680 995 1780 orpircproiecios
1026 1678 1188 1766 πανδημεί
1219 1695 1323 1746 muros

233 1789 305 1862 illos
328 1785 485 1870 reiecisse,
507 1789 685 1859 Lechaeum
705 1810 767 1858 non
784 1791 1146 1860 inhacedaemoniorum
1168 1792 1325 1873 potestate

205 1897 334 1974 'luisse
359 1900 569 1967 demonstrari
601 1900 811 1983 contendunt'3
834 1901 891 1969 sed
921 1903 949 1969 si
978 1902 1039 1969 'hos
1050 1901 1213 1982 sequimur
1242 1898 1324 1969 viros

234 2009 355 2086 doctos,
387 2007 555 2076 incidimus
582 2008 619 2076 in
649 2010 856 2092 gravissimas
888 2006 1112 2090 diihcirltates3
1149 2028 1223 2076 nam
1256 2025 1323 2075 cum

132 2099 134 2106 '
234 2115 269 2182 ἐκ
295 2118 354 2182 τοῦ
375 2116 521 2198 Λεχαίου
546 2111 733 2203 ὁρμώμενοι
768 2120 994 2186 roboremur
1024 2119 1125 2200 ordini
1146 2137 1241 2201 quern
1264 2122 1325 2184 sta-

234 2229 378 2302 tuerunt
393 2229 578 2306 repugnent
602 2231 688 2307 post
711 2245 818 2292 muros
842 2217 997 2292 reiectos
1010 2231 1082 2294 ecta
1100 2226 1218 2307 putant
1246 2223 1328 2305 quae

234 2332 421 2416 Xenophon·
441 2337 472 2400 iu
507 2333 769 2422 praecedentibus
811 2335 1021 2418 paragraphis
1065 2340 1183 2414 narrat.
1238 2333 1328 2418 ¹Iphi·

233 2446 366 2510 cratem,
384 2442 466 2508 enim
492 2461 564 2509 cum
597 2442 676 2510 levis
704 2449 889 2510 armaturae
920 2444 1071 2540 militibus
1103 2444 1204 2510 tradit
1233 2444 1328 2510 Lace·

234 2551 471 2632 daemoniorum
489 2552 595 2618 socios
613 2552 772 2635 terruisse,
805 2552 1138 2620 combaccdaentonii
1158 2553 1229 2635 ipsi,
1247 2569 1328 2636 *puo-

235 2679 306 2726 rum
338 2678 413 2727 una:
429 2662 547 2738 oderat
560 2679 665 2740 «mora,
696 2661 851 2730 sudorum
885 2667 1006 2728 metum
1035 2663 1239 2730 derisissent
1287 2664 1330 2727 nt

236 2788 352 2852 quaeso
382 2770 539 2851 quomodo
571 2769 691 2838 iactum
720 2775 778 2851 est,
794 2798 796 2804 ’
814 2777 851 2837 ut
876 2771 1115 2838 Lacedaemonii
1149 2771 1241 2838 sociis
1273 2783 1342 2854 per·

235 2877 543 2961 Iphicratismilites
573 2881 712 2946 nondum
734 2879 854 2947 territis
869 2879 1085 2946 'Athenienses
1105 2898 1212 2947 muros
1240 2881 1330 2946 resti·

231 2993 325 3055 tuere
358 2989 571 3070 paterentur?
594 2987 713 3080 'Erant
751 2990 834 3056 auhn
868 2987 1185 3055 Lacedaemoniorum
1221 2990 1331 3072 copiae

237 3097 372 3164 Sidnnte
394 3095 603 3181 Crommpone'
622 3097 763 3181 Epiiciae
785 3101 819 3162 et
849 3098 880 3162 in
902 3111 1064 3164 murorum
1091 3099 1233 3164 turribus
1254 3097 1331 3163 Pra-

127 3235 131 3258 ι
235 3207 336 3273 sitam
359 3205 476 3273 milites
497 3207 709 3276 conlocavisse
727 3204 824 3274 fadis
846 3207 979 3288 quisque
1001 3209 1164 3288 concedet;
1199 3207 1332 3288 quodsi

235 3313 477 3382 Lacedaemonii
495 3315 707 3398 neglexissent
726 3333 791 3396 que
812 3335 848 3382 se
865 3315 1039 3398 reciperent
1054 3333 1115 3382 non
1136 3315 1331 3384 habuissent.

235 3425 326 3492 Haec
343 3423 513 3492 difficultas
536 3442 618 3506 quae
638 3424 729 3491 Groti
756 3426 916 3492 sententio
936 3424 1071 3509 probata
1093 3425 1202 3510 oritur,
1233 3426 1259 3492 si
1281 3444 1335 3492 res

239 3533 480 3620 allenephonte
494 3517 544 3618 Si.
563 3539 656 3599 1718
679 3539 827 3602 uomens
848 3538 925 3602 ante
945 3523 1052 3601 moros
1073 3533 1207 3602 reiectos
1226 3539 1337 3617 gestos

238 3785 380 3850 aiensibus
399 3793 593 3864 recuperatum
604 3809 665 3850 esse
677 3795 767 3850 conici
785 3809 867 3864 posse
879 3798 961 3866 putat
973 3824 1006 3836 -
1018 3811 1114 3864 „wenn
1124 3797 1216 3860 ma'n‚“
1233 3778 1337 3864 inquit,

237 3899 332 3949 ,mozo
350 3884 418 3938 aher
432 3881 585 3954 Xenophon
597 3884 736 3939 durchaua
747 3883 825 3938 nicht
841 3875 1007 3953 bereobti'gt
1025 3881 1105 3938 nicht
1118 3896 1254 3938 adnomen
1267 3883 1337 3950 will,

238 3970 302 4026 dara
320 3969 364 4024 die
383 3969 507 4025 Athener
524 3970 664 4040 Lechaion
687 3970 963 4042 mosrrgewooneu‘
976 3979 1015 4012 '-·
1033 3970 1096 4025 loco
1112 3970 1160 4039 qui
1176 3971 1251 4041 apud
1264 3969 1338 4026 leae.

239 4059 265 4123 5,
283 4059 316 4112 37
347 4056 453 4128 legitur
481 4057 597 4114 refutari
621 4058 741 4114 videtur.
783 4059 989 4129 Dicaeogenes‚
1019 4057 1111 4128 inquit
1132 4063 1237 4128 orator,
1264 4058 1339 4114 nihil

205 4194 208 4206 ,
238 4162 360 4215 unquam
378 4144 414 4200 ad
430 4145 535 4202 bellum
554 4147 747 4203 ruminandum
765 4147 882 4212 tribuit'
893 4143 966 4214 πλὴν
982 4140 1028 4200 ὅτε
1044 4150 1168 4220 Λέχαιον
1186 4142 1264 4212 ἑάλω,
1284 4147 1339 4202 ubi

202 4276 209 4287 .
239 4234 370 4305 quoniam
388 4233 478 4290 oratio
491 4236 649 4292 nonmnlto
658 4239 724 4306 post
739 4235 814 4307 (890)
832 4235 929 4290 habita
948 4239 1000 4304 ert,
1020 4237 1126 4290 oratori
1138 4235 1162 4290 si
1174 4236 1217 4290 bis
1235 4240 1339 4304 portus

241 4326 508 4398 expugnatur-arses
526 4328 577 4382 aut
594 4324 625 4381 rt
643 4327 753 4398 πρῶτον
770 4330 819 4382 aot
836 4323 867 4380 rb
886 4317 1013 4396 δεύτερον
1028 4323 1185 4380 addendum
1200 4327 1270 4380 erat.
