2894 4906
578 1255 739 1357 Caputl

157 1461 202 1530 lle
221 1458 407 1530 Andociden
428 1458 471 1526 de
491 1473 578 1544 paca.
593 1458 746 1527 oratione
768 1458 919 1544 nonesto
940 1453 1185 1542 chronolopioa.

218 1662 287 1740 Quo
301 1662 376 1730 belli
385 1659 543 1729 Corinthii
558 1679 639 1726 anno
654 1663 824 1728 nonnullae
843 1681 898 1728 res
911 1667 1021 1742 gestae
1035 1660 1106 1740 sint,
1128 1659 1213 1742 quod

120 1777 204 1840 certo
224 1769 355 1836 definire
376 1787 439 1836 non
459 1787 640 1854 poooumoe,¹
659 1789 778 1856 magne
791 1789 831 1838 en
852 1777 945 1853 parte
969 1773 1001 1836 in
1023 1788 1060 1836 eo
1074 1769 1212 1851 positum

120 1885 178 1958 eet,
201 1879 286 1960 quod
306 1877 483 1962 Xenophon
504 1879 622 1946 bellum
644 1899 707 1946 non
729 1882 901 1947 secundnm
923 1897 1076 1946 annorum
1099 1879 1211 1946 seriem

121 1991 278 2074 describit,
311 1990 367 2055 scd
390 2007 474 2070 quae
506 1993 602 2066 terra,
634 2008 716 2071 quae
738 1992 818 2056 mari
845 1995 937 2072 gesta
964 1994 1038 2056 sunt
1070 2005 1212 2055 morsum

121 2097 321 2180 persequitur
342 2115 445 2179 neque
468 2115 607 2178 unquam
629 2114 691 2177 quo
711 2115 794 2163 anno
816 2099 892 2177 quid
911 2097 1032 2164 facturn
1054 2096 1213 2162 eitaddit.
1256 2161 1263 2176 ,

121 2205 173 2271 lta
194 2223 257 2270 non
278 2207 401 2284 mimm‘,
422 2206 506 2286 quod
527 2205 586 2270 viri
605 2206 689 2271 docti
711 2205 766 2272 elii
786 2205 850 2271 alia
871 2211 1072 2294 statuerunt:
1089 2205 1213 2272 initium

122 2314 248 2394 quidem
271 2313 347 2380 belli
377 2315 471 2381 alteri
493 2316 608 2398 olymp.
631 2317 671 2379 96
691 2331 774 2380 οοοο
793 2313 997 2390 tribuendam
1018 2333 1089 2382 esec
1106 2331 1214 2380 omncs

121 2424 321 2489 consentiunt
353 2441 457 2504 neque
493 2424 597 2489 minus
630 2423 830 2506 Lysandrum
865 2423 987 2489 cladem
1020 2414 1212 2490 Haliartiam

120 2531 261 2598 eiusdem
290 2532 365 2598 anni
395 2537 548 2598 autumno
579 2534 744 2614 accepisse.
788 2532 943 2599 Secuntur
975 2533 1110 2602 alteriue.
1125 2534 1230 2599 anni·
1257 2535 1285 2564 ³

119 2659 254 2725 pugnae,
288 2640 448 2708 Corinthia
463 2643 485 2726 ¹)
515 2641 627 2710 Cnidia
650 2640 849 2722 Coronensie‚
880 2660 961 2723 quae
982 2642 1022 2709 ad
1042 2643 1160 2709 lulium
1182 2647 1215 2708 et

119 2749 301 2832 Augustum
332 2769 360 2816 a.
386 2755 447 2830 394
479 2767 603 2818 menses
625 2749 676 2816 vel
707 2751 749 2820 ad
768 2753 938 2818 exeuntem
961 2753 1002 2818 ol.
1025 2756 1064 2818 96
1096 2769 1213 2823 annum

118 2858 259 2925 alterum
280 2865 322 2939 et
341 2860 502 2924 ineuntem
525 2857 655 2922 tertium
677 2857 735 2922 viri
755 2857 838 2924 docti
863 2857 1066 2936 rettulerunt,
1099 2855 1138 2924 cf.
1154 2857 1212 2923 .Fr.

118 2967 273 3034 Kirehner
302 2969 342 3033 de
364 2967 546 3034 Andociden
578 2984 661 3047 quac
681 2965 784 3031 fertur
815 2967 913 3033 tertia
932 2966 1075 3052 oratione
1097 2965 1214 3045 (Berdl.

120 3077 217 3162 1861)
238 3095 270 3160 p.
291 3079 322 3142 1.
348 3081 395 3141 19.
414 3082 417 3088 ’
439 3076 528 3143 Gurt.
550 3077 624 3142 hist.
649 3077 760 3142 Graec.
784 3079 827 3156 3⁸,
851 3077 922 3140 164.
956 3075 1018 3142 Sed
1037 3063 1124 3156 ‘quod
1156 3077 1214 3158 pu‘-

116 3205 215 3266 gnam
228 3184 422 3254 Corinthiam
434 3183 614 3278 Diophanto
626 3185 777 3252 archonte
796 3182 914 3250 factam
926 3202 994 3252 esee
1014 3204 1054 3250 ex
1069 3182 1214 3250 Aristidis

117 3293 224 3360 verbis
246 3295 290 3374 ΙΙ,
327 3298 388 3362 370
407 3294 499 3360 Diod.
531 3296 589 3379 τῆς
618 3291 652 3358 ἐν
679 3293 839 3378 Κορίνθῳ
870 3286 973 3378 μάχης
1006 3292 1060 3360 καὶ
1091 3295 1153 3379 τῆς»
1181 3291 1215 3367 lo

114 3402 256 3489 Λεχαίῳ
269 3402 369 3486 μέσος
383 3392 490 3490 ὄρχων
503 3393 703 3488 Εὐβουλίδης
715 3407 747 3469 et
760 3401 850 3468 Diod.
871 3406 919 3483 14,
942 3405 981 3468 83
999 3403 1213 3484 adegerunt,

115 3501 1213 3596 mwmffimmmmmmmfflssmmfflmm
1326 3553 1330 3562 ι

115 3621 215 3702 tione,
237 3622 375 3688 innotuit
1040 3625 1043 3632 '

223 3852 250 3920 1)
268 3869 331 3906 narn
358 3869 481 3922 pugnam
505 3851 676 3906 Oenoeneem
705 3849 795 3920 (Pauo.
817 3853 840 3918 1,
861 3851 903 3918 15,
932 3851 956 3902 1.
981 3847 1142 3914 10,.10,4)=
1162 3847 1216 3902 hoc

115 3956 194 3993 enno
217 3941 391 3994 commissum
411 3957 472 3996 eece
490 3937 662 3995 v.-‹n00n10r
685 3938 730 4008 (cd.
748 3938 842 3994 Herm.
860 3937 932 4002 ab,
950 3939 968 3990 h
984 3937 1035 4006 oq.)
1062 3935 1131 3989 mihi
1158 3953 1215 3990 non

115 4029 270 4098 persuasit,
289 4027 323 4081 de
341 4045 428 4096 quare
445 4027 565 4082 lortaeee
583 4027 652 4082 alias
670 4025 770 4082 dieamss
806 4024 940 4079 Probavit
965 4023 1098 4080 Kochleri
1123 4024 1216 4078 conio·

114 4122 232 4172 murem
250 4117 385 4170 Erneetue
403 4116 516 4172 Curtius
535 4115 599 4170 hiet.
615 4115 716 4169 Grac.³
735 4117 761 4183 3,
778 4115 831 4168 769
844 4131 879 4167 1n.
900 4114 950 4166 101
969 4111 1023 4181 (ol.
1035 4131 1063 4182 p.
1083 4113 1144 4181 179)
1165 4111 1215 4166 eod
1310 4181 1312 4186 Α

116 4224 194 4276 quae
222 4208 251 4261 in
275 4207 397 4261 editione
415 4207 505 4262 altera
529 4204 731 4262 Kirchholfium
758 4203 928 4260 secutanda
952 4220 1049 4274 pugna
1065 4203 1217 4272 eoripoerat

113 4297 157 4366 (p.
179 4296 239 4349 192.
258 4295 310 4350 766
328 4313 355 4349 n.
376 4295 438 4367 109)
457 4295 552 4350 delore
571 4295 675 4354 oblitus
693 4298 744 4348 oet.
990 4298 992 4303 '

882 4431 885 4438 ·
1003 4400 1015 4448 l
