<?xml version="1.0" encoding="UTF-8"?>
<!DOCTYPE html PUBLIC "-//W3C//DTD XHTML 1.0 Transitional//EN"
    "http://www.w3.org/TR/xhtml1/DTD/xhtml1-transitional.dtd">
<html xmlns="http://www.w3.org/1999/xhtml" xml:lang="en" lang="en">
 <head>
  <title>
</title>
<meta http-equiv="Content-Type" content="text/html;charset=utf-8" />
  <meta name='ocr-system' content='tesseract 3.04.00' />
  <meta name='ocr-capabilities' content='ocr_page ocr_carea ocr_par ocr_line ocrx_word'/>
</head>
<body>
  <div class='ocr_page' id='page_1' title='image "./animadversiones00fuhrgoog_0033.png"; bbox 0 0 2894 4906; ppageno 0'>
   <div class='ocr_carea' id='block_1_1' title="bbox 380 338 803 446">
    <p class='ocr_par' dir='ltr' id='par_1_1' title="bbox 380 338 803 446">
     <span class='ocr_line' id='line_1_1' title="bbox 380 338 803 446; baseline -0.002 1"><span class='ocrx_word' id='word_1_1' title='bbox 380 338 803 446; x_wconf 38' lang='lat' dir='ltr'>v·⁴ao</span> 
     </span>
    </p>
   </div>
   <div class='ocr_carea' id='block_1_2' title="bbox 109 563 1332 1634">
    <p class='ocr_par' dir='ltr' id='par_1_2' title="bbox 238 563 1331 656">
     <span class='ocr_line' id='line_1_2' title="bbox 238 563 1331 656; baseline 0.007 -27"><span class='ocrx_word' id='word_1_2' title='bbox 238 563 390 630; x_wconf 87' lang='lat' dir='ltr'>simarum</span> <span class='ocrx_word' id='word_1_3' title='bbox 405 571 439 632; x_wconf 88' lang='lat' dir='ltr'>ct</span> <span class='ocrx_word' id='word_1_4' title='bbox 452 567 652 635; x_wconf 87' lang='lat' dir='ltr'>minimarum</span> <span class='ocrx_word' id='word_1_5' title='bbox 666 571 764 635; x_wconf 78' lang='lat' dir='ltr'>tostos</span> <span class='ocrx_word' id='word_1_6' title='bbox 780 569 952 651; x_wconf 82' lang='lat' dir='ltr'>pradnccrc</span> <span class='ocrx_word' id='word_1_7' title='bbox 965 571 1067 638; x_wconf 83' lang='lat' dir='ltr'>solare</span> <span class='ocrx_word' id='word_1_8' title='bbox 1089 573 1140 651; x_wconf 88' lang='lat' dir='ltr'>(ci.</span> <span class='ocrx_word' id='word_1_9' title='bbox 1153 574 1225 656; x_wconf 87' lang='lat' dir='ltr'>Lys.</span> <span class='ocrx_word' id='word_1_10' title='bbox 1242 575 1289 653; x_wconf 88' lang='grc'>10,</span> <span class='ocrx_word' id='word_1_11' title='bbox 1302 578 1331 638; x_wconf 76' lang='lat'>5.</span> 
     </span>
    </p>

    <p class='ocr_par' dir='ltr' id='par_1_3' title="bbox 241 675 1332 764">
     <span class='ocr_line' id='line_1_3' title="bbox 241 675 1332 764; baseline 0.011 -27"><span class='ocrx_word' id='word_1_12' title='bbox 241 678 288 754; x_wconf 79' lang='lat'>12,</span> <span class='ocrx_word' id='word_1_13' title='bbox 320 677 370 740; x_wconf 86' lang='lat'>61.</span> <span class='ocrx_word' id='word_1_14' title='bbox 403 675 493 742; x_wconf 86' lang='lat' dir='ltr'>Dom.</span> <span class='ocrx_word' id='word_1_15' title='bbox 524 681 573 754; x_wconf 79' lang='lat'>30,</span> <span class='ocrx_word' id='word_1_16' title='bbox 603 681 652 743; x_wconf 82' lang='lat'>32.</span> <span class='ocrx_word' id='word_1_17' title='bbox 676 677 788 746; x_wconf 82' lang='lat' dir='ltr'>Acach.</span> <span class='ocrx_word' id='word_1_18' title='bbox 824 683 850 758; x_wconf 91' lang='grc'>1,</span> <span class='ocrx_word' id='word_1_19' title='bbox 878 683 929 744; x_wconf 79' lang='grc'>45.</span> <span class='ocrx_word' id='word_1_20' title='bbox 952 680 1005 762; x_wconf 78' lang='grc'>65)</span> <span class='ocrx_word' id='word_1_21' title='bbox 1037 679 1116 746; x_wconf 84' lang='lat' dir='ltr'>bana</span> <span class='ocrx_word' id='word_1_22' title='bbox 1146 684 1332 764; x_wconf 76' lang='lat' dir='ltr'>meminerit,</span> 
     </span>
    </p>

    <p class='ocr_par' dir='ltr' id='par_1_4' title="bbox 236 775 1332 880">
     <span class='ocr_line' id='line_1_4' title="bbox 236 775 1332 880; baseline 0.006 -31"><span class='ocrx_word' id='word_1_23' title='bbox 236 785 264 850; x_wconf 79' lang='lat' dir='ltr'>is</span> <span class='ocrx_word' id='word_1_24' title='bbox 285 785 397 868; x_wconf 83' lang='lat' dir='ltr'>opinor</span> <span class='ocrx_word' id='word_1_25' title='bbox 416 786 554 869; x_wconf 77' lang='lat' dir='ltr'>negabit,</span> <span class='ocrx_word' id='word_1_26' title='bbox 585 792 657 870; x_wconf 80' lang='lat' dir='ltr'>post</span> <span class='ocrx_word' id='word_1_27' title='bbox 675 784 865 874; x_wconf 77' lang='grc' dir='ltr'><strong><em>καταφανής</em></strong></span> <span class='ocrx_word' id='word_1_28' title='bbox 886 775 924 876; x_wconf 80' lang='grc' dir='ltr'>ἦν</span> <span class='ocrx_word' id='word_1_29' title='bbox 951 789 992 879; x_wconf 76' lang='grc' dir='ltr'>τῇ</span> <span class='ocrx_word' id='word_1_30' title='bbox 1013 790 1116 880; x_wconf 78' lang='grc' dir='ltr'><strong><em>βουλῇ</em></strong></span> <span class='ocrx_word' id='word_1_31' title='bbox 1137 782 1236 868; x_wconf 75' lang='grc' dir='ltr'><strong><em>αὐτὸς</em></strong></span> <span class='ocrx_word' id='word_1_32' title='bbox 1255 787 1332 868; x_wconf 70' lang='grc' dir='ltr'>θεὶς</span> 
     </span>
    </p>

    <p class='ocr_par' dir='ltr' id='par_1_5' title="bbox 109 887 1332 1094">
     <span class='ocr_line' id='line_1_5' title="bbox 109 887 1331 981; baseline 0.01 -27"><span class='ocrx_word' id='word_1_33' title='bbox 109 966 116 981; x_wconf 32' lang='grc' dir='ltr'><strong><em>Ι</em></strong></span> <span class='ocrx_word' id='word_1_34' title='bbox 235 887 295 979; x_wconf 72' lang='grc' dir='ltr'>τήν</span> <span class='ocrx_word' id='word_1_35' title='bbox 316 888 479 979; x_wconf 73' lang='grc' dir='ltr'><strong><em>ἱκετηρίαν</em></strong></span> <span class='ocrx_word' id='word_1_36' title='bbox 511 896 706 964; x_wconf 70' lang='lat' dir='ltr'>intercidisse</span> <span class='ocrx_word' id='word_1_37' title='bbox 728 897 944 965; x_wconf 87' lang='lat' dir='ltr'>testimonium</span> <span class='ocrx_word' id='word_1_38' title='bbox 977 903 1009 965; x_wconf 87' lang='lat' dir='ltr'>et</span> <span class='ocrx_word' id='word_1_39' title='bbox 1032 900 1231 966; x_wconf 73' lang='lat' dir='ltr'>inserendum</span> <span class='ocrx_word' id='word_1_40' title='bbox 1261 917 1331 966; x_wconf 83' lang='lat' dir='ltr'>essa</span> 
     </span>
     <span class='ocr_line' id='line_1_6' title="bbox 237 996 1332 1094; baseline 0.009 -31"><span class='ocrx_word' id='word_1_41' title='bbox 237 999 291 1064; x_wconf 86' lang='grc' dir='ltr'>καί</span> <span class='ocrx_word' id='word_1_42' title='bbox 311 1023 369 1083; x_wconf 87' lang='grc' dir='ltr'>μοι</span> <span class='ocrx_word' id='word_1_43' title='bbox 390 996 478 1069; x_wconf 62' lang='lat' dir='ltr'>adias</span> <span class='ocrx_word' id='word_1_44' title='bbox 496 998 623 1069; x_wconf 78' lang='grc' dir='ltr'><strong><em>τούτων</em></strong></span> <span class='ocrx_word' id='word_1_45' title='bbox 643 1000 721 1083; x_wconf 82' lang='grc' dir='ltr'>τούς</span> <span class='ocrx_word' id='word_1_46' title='bbox 741 999 907 1088; x_wconf 75' lang='grc' dir='ltr'><strong><em>μάρτυρας</em></strong></span> <span class='ocrx_word' id='word_1_47' title='bbox 928 1005 998 1090; x_wconf 83' lang='grc'>(28)</span> <span class='ocrx_word' id='word_1_48' title='bbox 1021 1009 1069 1075; x_wconf 84' lang='lat' dir='ltr'>vel</span> <span class='ocrx_word' id='word_1_49' title='bbox 1092 1001 1138 1086; x_wconf 75' lang='grc' dir='ltr'>ὥς</span> <span class='ocrx_word' id='word_1_50' title='bbox 1165 1007 1193 1074; x_wconf 83' lang='grc' dir='ltr'>δ’</span> <span class='ocrx_word' id='word_1_51' title='bbox 1221 998 1332 1094; x_wconf 64' lang='grc' dir='ltr'><strong><em>ἀληθῆ</em></strong></span> 
     </span>
    </p>

    <p class='ocr_par' dir='ltr' id='par_1_6' title="bbox 236 1094 1329 1200">
     <span class='ocr_line' id='line_1_7' title="bbox 236 1094 1329 1200; baseline 0.007 -26"><span class='ocrx_word' id='word_1_52' title='bbox 236 1107 327 1195; x_wconf 79' lang='grc' dir='ltr'>λέγω,</span> <span class='ocrx_word' id='word_1_53' title='bbox 348 1106 441 1176; x_wconf 78' lang='grc' dir='ltr'><em>κάλει</em></span> <span class='ocrx_word' id='word_1_54' title='bbox 463 1135 521 1196; x_wconf 82' lang='grc' dir='ltr'>μοι</span> <span class='ocrx_word' id='word_1_55' title='bbox 543 1109 624 1192; x_wconf 79' lang='grc' dir='ltr'>τούς</span> <span class='ocrx_word' id='word_1_56' title='bbox 638 1109 804 1198; x_wconf 71' lang='grc' dir='ltr'><strong><em>μάρτυρας</em></strong></span> <span class='ocrx_word' id='word_1_57' title='bbox 823 1115 1058 1200; x_wconf 69' lang='lat' dir='ltr'>(lastiniam.</span> <span class='ocrx_word' id='word_1_58' title='bbox 1076 1094 1329 1184; x_wconf 59' lang='lat' dir='ltr'><strong><em>MA‘PTYPEE.</em></strong></span> 
     </span>
    </p>

    <p class='ocr_par' dir='ltr' id='par_1_7' title="bbox 250 1219 1330 1307">
     <span class='ocr_line' id='line_1_8' title="bbox 250 1219 1330 1307; baseline 0.007 -24"><span class='ocrx_word' id='word_1_59' title='bbox 250 1291 254 1297; x_wconf 58' lang='grc'>,</span> <span class='ocrx_word' id='word_1_60' title='bbox 290 1253 292 1258; x_wconf 92' lang='grc'>-</span> <span class='ocrx_word' id='word_1_61' title='bbox 336 1219 416 1286; x_wconf 87' lang='lat' dir='ltr'>Nam</span> <span class='ocrx_word' id='word_1_62' title='bbox 433 1219 483 1286; x_wconf 90' lang='lat' dir='ltr'>iac</span> <span class='ocrx_word' id='word_1_63' title='bbox 504 1227 661 1288; x_wconf 80' lang='lat' dir='ltr'>oratorem</span> <span class='ocrx_word' id='word_1_64' title='bbox 683 1241 765 1305; x_wconf 85' lang='lat' dir='ltr'>quse</span> <span class='ocrx_word' id='word_1_65' title='bbox 780 1227 891 1290; x_wconf 86' lang='lat' dir='ltr'>narrat</span> <span class='ocrx_word' id='word_1_66' title='bbox 913 1223 1051 1305; x_wconf 81' lang='lat' dir='ltr'>tinxisse,</span> <span class='ocrx_word' id='word_1_67' title='bbox 1073 1243 1135 1290; x_wconf 92' lang='lat' dir='ltr'>non</span> <span class='ocrx_word' id='word_1_68' title='bbox 1150 1223 1330 1307; x_wconf 73' lang='lat' dir='ltr'>impruden-</span> 
     </span>
    </p>

    <p class='ocr_par' dir='ltr' id='par_1_8' title="bbox 167 1329 1331 1634">
     <span class='ocr_line' id='line_1_9' title="bbox 167 1329 1329 1412; baseline 0.003 -16"><span class='ocrx_word' id='word_1_69' title='bbox 167 1405 169 1410; x_wconf 46' lang='lat'><em>,</em></span> <span class='ocrx_word' id='word_1_70' title='bbox 236 1329 377 1396; x_wconf 86' lang='lat' dir='ltr'>tissimus</span> <span class='ocrx_word' id='word_1_71' title='bbox 389 1331 553 1412; x_wconf 76' lang='lat' dir='ltr'>putandus</span> <span class='ocrx_word' id='word_1_72' title='bbox 566 1337 660 1410; x_wconf 85' lang='lat' dir='ltr'>assat,</span> <span class='ocrx_word' id='word_1_73' title='bbox 687 1331 712 1398; x_wconf 93' lang='lat' dir='ltr'>si</span> <span class='ocrx_word' id='word_1_74' title='bbox 735 1331 775 1397; x_wconf 84' lang='lat' dir='ltr'>ab</span> <span class='ocrx_word' id='word_1_75' title='bbox 790 1333 982 1399; x_wconf 82' lang='lat' dir='ltr'>advorsariis</span> <span class='ocrx_word' id='word_1_76' title='bbox 1005 1366 1043 1382; x_wconf 64' lang='grc'>-«</span> <span class='ocrx_word' id='word_1_77' title='bbox 1066 1333 1229 1400; x_wconf 89' lang='lat' dir='ltr'>minimum</span> <span class='ocrx_word' id='word_1_78' title='bbox 1249 1335 1329 1400; x_wconf 85' lang='lat' dir='ltr'>anim</span> 
     </span>
     <span class='ocr_line' id='line_1_10' title="bbox 234 1439 1331 1526; baseline 0.006 -22"><span class='ocrx_word' id='word_1_79' title='bbox 234 1439 389 1519; x_wconf 78' lang='lat' dir='ltr'>temporis</span> <span class='ocrx_word' id='word_1_80' title='bbox 408 1441 544 1520; x_wconf 81' lang='lat' dir='ltr'>spatium</span> <span class='ocrx_word' id='word_1_81' title='bbox 566 1447 640 1522; x_wconf 84' lang='lat' dir='ltr'>post</span> <span class='ocrx_word' id='word_1_82' title='bbox 659 1459 726 1508; x_wconf 90' lang='lat' dir='ltr'>rem</span> <span class='ocrx_word' id='word_1_83' title='bbox 750 1447 911 1508; x_wconf 75' lang='lat' dir='ltr'>narratam</span> <span class='ocrx_word' id='word_1_84' title='bbox 934 1444 1184 1526; x_wconf 82' lang='lat' dir='ltr'>praeterlapsum</span> <span class='ocrx_word' id='word_1_85' title='bbox 1205 1449 1275 1510; x_wconf 86' lang='lat' dir='ltr'>crat</span> <span class='ocrx_word' id='word_1_86' title='bbox 1289 1481 1331 1492; x_wconf 89' lang='lat'>-·-</span> 
     </span>
     <span class='ocr_line' id='line_1_11' title="bbox 236 1545 1329 1634; baseline 0.008 -25"><span class='ocrx_word' id='word_1_87' title='bbox 236 1545 484 1616; x_wconf 68' lang='lat' dir='ltr'>manifestissimi</span> <span class='ocrx_word' id='word_1_88' title='bbox 506 1552 651 1617; x_wconf 84' lang='lat' dir='ltr'>mendaci</span> <span class='ocrx_word' id='word_1_89' title='bbox 671 1551 812 1618; x_wconf 81' lang='lat' dir='ltr'>convinci</span> <span class='ocrx_word' id='word_1_90' title='bbox 834 1554 1000 1620; x_wconf 75' lang='lat' dir='ltr'>maluisset</span> <span class='ocrx_word' id='word_1_91' title='bbox 1021 1571 1117 1634; x_wconf 90' lang='lat' dir='ltr'>quam</span> <span class='ocrx_word' id='word_1_92' title='bbox 1139 1559 1240 1620; x_wconf 87' lang='lat' dir='ltr'>totssn</span> <span class='ocrx_word' id='word_1_93' title='bbox 1262 1570 1329 1618; x_wconf 86' lang='lat' dir='ltr'>rem</span> 
     </span>
    </p>
   </div>
   <div class='ocr_carea' id='block_1_3' title="bbox 116 1658 1419 2179">
    <p class='ocr_par' dir='ltr' id='par_1_9' title="bbox 233 1658 1419 2069">
     <span class='ocr_line' id='line_1_12' title="bbox 234 1658 1418 1768; baseline 0.003 -45"><span class='ocrx_word' id='word_1_94' title='bbox 234 1658 409 1726; x_wconf 80' lang='lat' dir='ltr'>omittere?</span> <span class='ocrx_word' id='word_1_95' title='bbox 438 1660 551 1725; x_wconf 85' lang='lat' dir='ltr'>Nonns</span> <span class='ocrx_word' id='word_1_96' title='bbox 570 1661 762 1728; x_wconf 79' lang='lat' dir='ltr'>credendum</span> <span class='ocrx_word' id='word_1_97' title='bbox 784 1679 857 1728; x_wconf 86' lang='lat' dir='ltr'>aum</span> <span class='ocrx_word' id='word_1_98' title='bbox 879 1661 1026 1728; x_wconf 86' lang='lat' dir='ltr'>iaoiilima</span> <span class='ocrx_word' id='word_1_99' title='bbox 1048 1679 1144 1744; x_wconf 83' lang='lat' dir='ltr'>opera</span> <span class='ocrx_word' id='word_1_100' title='bbox 1163 1661 1331 1728; x_wconf 82' lang='lat' dir='ltr'>nonnullos</span> <span class='ocrx_word' id='word_1_101' title='bbox 1416 1663 1418 1768; x_wconf 58' lang='lat' dir='ltr'>i</span> 
     </span>
     <span class='ocr_line' id='line_1_13' title="bbox 233 1769 1329 1853; baseline 0 -19"><span class='ocrx_word' id='word_1_102' title='bbox 233 1783 436 1851; x_wconf 81' lang='lat' dir='ltr'>corrumpere</span> <span class='ocrx_word' id='word_1_103' title='bbox 464 1770 604 1852; x_wconf 83' lang='lat' dir='ltr'>potuisse</span> <span class='ocrx_word' id='word_1_104' title='bbox 635 1770 686 1851; x_wconf 83' lang='lat' dir='ltr'>(cf.</span> <span class='ocrx_word' id='word_1_105' title='bbox 710 1770 783 1852; x_wconf 83' lang='lat' dir='ltr'>Lys.</span> <span class='ocrx_word' id='word_1_106' title='bbox 806 1773 833 1849; x_wconf 81' lang='grc'>7,</span> <span class='ocrx_word' id='word_1_107' title='bbox 857 1773 906 1836; x_wconf 76' lang='lat'>23.</span> <span class='ocrx_word' id='word_1_108' title='bbox 931 1771 1012 1838; x_wconf 82' lang='lat' dir='ltr'>isac.</span> <span class='ocrx_word' id='word_1_109' title='bbox 1035 1776 1063 1850; x_wconf 84' lang='grc'>4,</span> <span class='ocrx_word' id='word_1_110' title='bbox 1088 1774 1138 1835; x_wconf 79' lang='lat'>22.</span> <span class='ocrx_word' id='word_1_111' title='bbox 1166 1769 1256 1836; x_wconf 86' lang='lat' dir='ltr'>Dcm.</span> <span class='ocrx_word' id='word_1_112' title='bbox 1278 1773 1329 1853; x_wconf 78' lang='lat'>33,</span> 
     </span>
     <span class='ocr_line' id='line_1_14' title="bbox 235 1824 1419 1972; baseline 0.003 -31"><span class='ocrx_word' id='word_1_113' title='bbox 235 1879 286 1941; x_wconf 73' lang='lat'>2⁷.</span> <span class='ocrx_word' id='word_1_114' title='bbox 309 1876 383 1958; x_wconf 78' lang='lat' dir='ltr'>Lyc.</span> <span class='ocrx_word' id='word_1_115' title='bbox 403 1877 511 1972; x_wconf 75' lang='lat' dir='ltr'>Icocn</span> <span class='ocrx_word' id='word_1_116' title='bbox 537 1879 601 1962; x_wconf 75' lang='lat'><strong>20.)</strong></span> <span class='ocrx_word' id='word_1_117' title='bbox 622 1882 659 1942; x_wconf 86' lang='lat' dir='ltr'>nt</span> <span class='ocrx_word' id='word_1_118' title='bbox 691 1879 826 1962; x_wconf 77' lang='lat' dir='ltr'>speciem</span> <span class='ocrx_word' id='word_1_119' title='bbox 846 1879 972 1962; x_wconf 79' lang='lat' dir='ltr'>qnidam</span> <span class='ocrx_word' id='word_1_120' title='bbox 1006 1880 1072 1946; x_wconf 88' lang='lat' dir='ltr'>vari</span> <span class='ocrx_word' id='word_1_121' title='bbox 1093 1897 1145 1946; x_wconf 86' lang='lat' dir='ltr'>scs</span> <span class='ocrx_word' id='word_1_122' title='bbox 1171 1879 1330 1945; x_wconf 76' lang='lat' dir='ltr'>haberat?</span> <span class='ocrx_word' id='word_1_123' title='bbox 1417 1824 1419 1950; x_wconf 66' lang='lat' dir='ltr'>d</span> 
     </span>
     <span class='ocr_line' id='line_1_15' title="bbox 236 1986 1330 2069; baseline 0.001 -18"><span class='ocrx_word' id='word_1_124' title='bbox 236 1986 365 2054; x_wconf 84' lang='lat' dir='ltr'>Accodit</span> <span class='ocrx_word' id='word_1_125' title='bbox 385 1986 469 2067; x_wconf 91' lang='lat' dir='ltr'>quod</span> <span class='ocrx_word' id='word_1_126' title='bbox 491 1987 713 2069; x_wconf 79' lang='lat' dir='ltr'>gravissimum</span> <span class='ocrx_word' id='word_1_127' title='bbox 737 1993 804 2053; x_wconf 88' lang='lat' dir='ltr'>est:</span> <span class='ocrx_word' id='word_1_128' title='bbox 840 2005 934 2067; x_wconf 86' lang='lat' dir='ltr'>quem</span> <span class='ocrx_word' id='word_1_129' title='bbox 958 1988 989 2053; x_wconf 90' lang='lat' dir='ltr'>in</span> <span class='ocrx_word' id='word_1_130' title='bbox 1014 1993 1128 2060; x_wconf 83' lang='lat' dir='ltr'>senato</span> <span class='ocrx_word' id='word_1_131' title='bbox 1148 1989 1330 2068; x_wconf 82' lang='lat' dir='ltr'>loquentem</span> 
     </span>
    </p>

    <p class='ocr_par' dir='ltr' id='par_1_10' title="bbox 116 2091 1421 2262">
     <span class='ocr_line' id='line_1_16' title="bbox 116 2091 1331 2179; baseline 0.005 -23"><span class='ocrx_word' id='word_1_132' title='bbox 116 2093 138 2156; x_wconf 77' lang='grc'>.“</span> <span class='ocrx_word' id='word_1_133' title='bbox 235 2101 344 2162; x_wconf 84' lang='lat' dir='ltr'>orator</span> <span class='ocrx_word' id='word_1_134' title='bbox 358 2097 486 2177; x_wconf 87' lang='lat' dir='ltr'>inducit,</span> <span class='ocrx_word' id='word_1_135' title='bbox 509 2095 576 2179; x_wconf 83' lang='lat' dir='ltr'>ipse</span> <span class='ocrx_word' id='word_1_136' title='bbox 598 2115 659 2162; x_wconf 92' lang='lat' dir='ltr'>non</span> <span class='ocrx_word' id='word_1_137' title='bbox 675 2098 775 2164; x_wconf 89' lang='lat' dir='ltr'>solum</span> <span class='ocrx_word' id='word_1_138' title='bbox 796 2099 827 2162; x_wconf 93' lang='lat' dir='ltr'>in</span> <span class='ocrx_word' id='word_1_139' title='bbox 841 2097 954 2164; x_wconf 90' lang='lat' dir='ltr'>iudicio</span> <span class='ocrx_word' id='word_1_140' title='bbox 976 2096 1087 2165; x_wconf 86' lang='lat' dir='ltr'>aderat</span> <span class='ocrx_word' id='word_1_141' title='bbox 1110 2091 1251 2178; x_wconf 75' lang='grc' dir='ltr'>(οὑτοσί)</span> <span class='ocrx_word' id='word_1_142' title='bbox 1274 2097 1331 2163; x_wconf 86' lang='lat' dir='ltr'>scd</span> 
     </span>
    </p>
   </div>
   <div class='ocr_carea' id='block_1_4' title="bbox 229 2199 1423 3596">
    <p class='ocr_par' dir='ltr' id='par_1_11' title="bbox 235 2199 1421 2291">
     <span class='ocr_line' id='line_1_17' title="bbox 235 2199 1421 2291; baseline 0 -21"><span class='ocrx_word' id='word_1_143' title='bbox 235 2209 306 2270; x_wconf 85' lang='lat' dir='ltr'>crat</span> <span class='ocrx_word' id='word_1_144' title='bbox 330 2205 384 2271; x_wconf 89' lang='lat' dir='ltr'>-rai</span> <span class='ocrx_word' id='word_1_145' title='bbox 406 2199 583 2291; x_wconf 75' lang='grc' dir='ltr'><strong><em>συνήγορος</em></strong></span> <span class='ocrx_word' id='word_1_146' title='bbox 604 2205 649 2288; x_wconf 63' lang='lat'>(5.</span> <span class='ocrx_word' id='word_1_147' title='bbox 672 2209 744 2289; x_wconf 82' lang='lat'>150)</span> <span class='ocrx_word' id='word_1_148' title='bbox 767 2212 803 2271; x_wconf 88' lang='lat' dir='ltr'>ut</span> <span class='ocrx_word' id='word_1_149' title='bbox 825 2225 916 2274; x_wconf 87' lang='lat' dir='ltr'>nemo</span> <span class='ocrx_word' id='word_1_150' title='bbox 945 2209 1021 2288; x_wconf 88' lang='lat' dir='ltr'>quin</span> <span class='ocrx_word' id='word_1_151' title='bbox 1044 2206 1084 2274; x_wconf 88' lang='lat' dir='ltr'>ad</span> <span class='ocrx_word' id='word_1_152' title='bbox 1113 2207 1330 2274; x_wconf 88' lang='lat' dir='ltr'>testimonium</span> <span class='ocrx_word' id='word_1_153' title='bbox 1420 2267 1421 2270; x_wconf 74' lang='grc'>,</span> 
     </span>
    </p>

    <p class='ocr_par' dir='ltr' id='par_1_12' title="bbox 234 2281 1423 2530">
     <span class='ocr_line' id='line_1_18' title="bbox 234 2313 1112 2399; baseline 0.004 -21"><span class='ocrx_word' id='word_1_154' title='bbox 234 2313 401 2381; x_wconf 83' lang='lat' dir='ltr'>dicandum</span> <span class='ocrx_word' id='word_1_155' title='bbox 423 2321 555 2398; x_wconf 85' lang='lat' dir='ltr'>paratus</span> <span class='ocrx_word' id='word_1_156' title='bbox 572 2313 669 2382; x_wconf 84' lang='lat' dir='ltr'>fucrit</span> <span class='ocrx_word' id='word_1_157' title='bbox 690 2315 837 2383; x_wconf 87' lang='lat' dir='ltr'>dubitare</span> <span class='ocrx_word' id='word_1_158' title='bbox 858 2317 967 2399; x_wconf 85' lang='lat' dir='ltr'>possit.</span> <span class='ocrx_word' id='word_1_159' title='bbox 1109 2317 1112 2324; x_wconf 89' lang='lat'>&#39;</span> 
     </span>
     <span class='ocr_line' id='line_1_19' title="bbox 333 2423 1330 2506; baseline 0.003 -18"><span class='ocrx_word' id='word_1_160' title='bbox 333 2423 566 2506; x_wconf 85' lang='lat' dir='ltr'>Nonnunquam</span> <span class='ocrx_word' id='word_1_161' title='bbox 597 2426 799 2503; x_wconf 81' lang='lat' dir='ltr'>factumest,</span> <span class='ocrx_word' id='word_1_162' title='bbox 835 2431 872 2491; x_wconf 91' lang='lat' dir='ltr'>ut</span> <span class='ocrx_word' id='word_1_163' title='bbox 893 2425 1091 2493; x_wconf 81' lang='lat' dir='ltr'>enuntiatum</span> <span class='ocrx_word' id='word_1_164' title='bbox 1115 2443 1178 2506; x_wconf 88' lang='lat' dir='ltr'>qno</span> <span class='ocrx_word' id='word_1_165' title='bbox 1214 2443 1330 2506; x_wconf 86' lang='lat' dir='ltr'>praeco</span> 
     </span>
    </p>

    <p class='ocr_par' dir='ltr' id='par_1_13' title="bbox 233 2533 1423 2616">
     <span class='ocr_line' id='line_1_20' title="bbox 233 2533 1423 2616; baseline -0.004 -16"><span class='ocrx_word' id='word_1_166' title='bbox 233 2537 333 2600; x_wconf 84' lang='lat' dir='ltr'>tsstss</span> <span class='ocrx_word' id='word_1_167' title='bbox 364 2534 463 2599; x_wconf 84' lang='lat' dir='ltr'>citare</span> <span class='ocrx_word' id='word_1_168' title='bbox 496 2534 631 2616; x_wconf 80' lang='lat' dir='ltr'>iubetur,</span> <span class='ocrx_word' id='word_1_169' title='bbox 668 2535 880 2616; x_wconf 78' lang='lat' dir='ltr'>intercideret,</span> <span class='ocrx_word' id='word_1_170' title='bbox 915 2533 954 2600; x_wconf 91' lang='lat' dir='ltr'>ci.</span> <span class='ocrx_word' id='word_1_171' title='bbox 988 2537 1060 2600; x_wconf 82' lang='lat' dir='ltr'>Ant.</span> <span class='ocrx_word' id='word_1_172' title='bbox 1085 2538 1112 2612; x_wconf 82' lang='lat'>5,</span> <span class='ocrx_word' id='word_1_173' title='bbox 1145 2538 1196 2599; x_wconf 78' lang='lat'>61.</span> <span class='ocrx_word' id='word_1_174' title='bbox 1219 2535 1246 2612; x_wconf 84' lang='grc'>6,</span> <span class='ocrx_word' id='word_1_175' title='bbox 1277 2537 1326 2612; x_wconf 80' lang='lat' dir='ltr'>lo,</span> <span class='ocrx_word' id='word_1_176' title='bbox 1422 2533 1423 2540; x_wconf 78' lang='grc'>’</span> 
     </span>
    </p>

    <p class='ocr_par' dir='ltr' id='par_1_14' title="bbox 232 2641 1329 2725">
     <span class='ocr_line' id='line_1_21' title="bbox 232 2641 1329 2725; baseline 0 -19"><span class='ocrx_word' id='word_1_177' title='bbox 232 2658 312 2721; x_wconf 85' lang='lat' dir='ltr'>qnos</span> <span class='ocrx_word' id='word_1_178' title='bbox 345 2641 429 2709; x_wconf 90' lang='lat' dir='ltr'>iocos</span> <span class='ocrx_word' id='word_1_179' title='bbox 451 2641 593 2708; x_wconf 88' lang='lat' dir='ltr'>Blassius</span> <span class='ocrx_word' id='word_1_180' title='bbox 613 2645 773 2725; x_wconf 83' lang='lat' dir='ltr'>corrasit3</span> <span class='ocrx_word' id='word_1_181' title='bbox 805 2641 911 2710; x_wconf 81' lang='lat' dir='ltr'>simiis</span> <span class='ocrx_word' id='word_1_182' title='bbox 933 2641 1042 2708; x_wconf 83' lang='lat' dir='ltr'>vitium</span> <span class='ocrx_word' id='word_1_183' title='bbox 1070 2659 1180 2708; x_wconf 84' lang='lat' dir='ltr'>omncs</span> <span class='ocrx_word' id='word_1_184' title='bbox 1200 2658 1329 2708; x_wconf 87' lang='lat' dir='ltr'>conscn·</span> 
     </span>
    </p>

    <p class='ocr_par' dir='ltr' id='par_1_15' title="bbox 234 2750 1332 2837">
     <span class='ocr_line' id='line_1_22' title="bbox 234 2750 1332 2837; baseline -0.002 -19"><span class='ocrx_word' id='word_1_185' title='bbox 234 2750 319 2818; x_wconf 89' lang='lat' dir='ltr'>tiunt</span> <span class='ocrx_word' id='word_1_186' title='bbox 338 2753 536 2818; x_wconf 84' lang='lat' dir='ltr'>contraxisse</span> <span class='ocrx_word' id='word_1_187' title='bbox 554 2753 626 2837; x_wconf 88' lang='lat' dir='ltr'>Lys.</span> <span class='ocrx_word' id='word_1_188' title='bbox 646 2757 694 2832; x_wconf 84' lang='grc'>19,</span> <span class='ocrx_word' id='word_1_189' title='bbox 718 2757 767 2834; x_wconf 80' lang='lat'>23,</span> <span class='ocrx_word' id='word_1_190' title='bbox 791 2752 843 2818; x_wconf 90' lang='lat' dir='ltr'>ubi</span> <span class='ocrx_word' id='word_1_191' title='bbox 865 2753 927 2818; x_wconf 88' lang='lat' dir='ltr'>iam</span> <span class='ocrx_word' id='word_1_192' title='bbox 944 2752 1102 2835; x_wconf 71' lang='lat' dir='ltr'>nitgerus,</span> <span class='ocrx_word' id='word_1_193' title='bbox 1126 2769 1221 2832; x_wconf 82' lang='lat' dir='ltr'>quesn</span> <span class='ocrx_word' id='word_1_194' title='bbox 1242 2767 1332 2816; x_wconf 78' lang='lat' dir='ltr'>sancs-</span> 
     </span>
    </p>

    <p class='ocr_par' dir='ltr' id='par_1_16' title="bbox 232 2849 1329 2945">
     <span class='ocr_line' id='line_1_23' title="bbox 232 2849 1329 2945; baseline -0.004 -17"><span class='ocrx_word' id='word_1_195' title='bbox 232 2865 284 2928; x_wconf 72' lang='lat' dir='ltr'>ws</span> <span class='ocrx_word' id='word_1_196' title='bbox 300 2865 350 2927; x_wconf 82' lang='lat' dir='ltr'>est</span> <span class='ocrx_word' id='word_1_197' title='bbox 360 2855 526 2945; x_wconf 76' lang='lat' dir='ltr'>Sauppids,</span> <span class='ocrx_word' id='word_1_198' title='bbox 549 2861 669 2930; x_wconf 75' lang='lat' dir='ltr'>addidit</span> <span class='ocrx_word' id='word_1_199' title='bbox 683 2849 952 2940; x_wconf 68' lang='lat' dir='ltr'>satrndgdttoog</span> <span class='ocrx_word' id='word_1_200' title='bbox 966 2856 1141 2944; x_wconf 78' lang='grc' dir='ltr'><strong><em>μάρτυρας,</em></strong></span> <span class='ocrx_word' id='word_1_201' title='bbox 1161 2858 1329 2926; x_wconf 61' lang='lat' dir='ltr'>macnen-</span> 
     </span>
    </p>

    <p class='ocr_par' dir='ltr' id='par_1_17' title="bbox 231 2961 1329 3062">
     <span class='ocr_line' id='line_1_24' title="bbox 231 2961 1329 3053; baseline -0.005 -16"><span class='ocrx_word' id='word_1_202' title='bbox 231 2970 364 3038; x_wconf 57' lang='lat' dir='ltr'>asinius</span> <span class='ocrx_word' id='word_1_203' title='bbox 387 2965 504 3036; x_wconf 76' lang='grc' dir='ltr'><strong><em>ἔπειτα</em></strong></span> <span class='ocrx_word' id='word_1_204' title='bbox 524 2971 578 3036; x_wconf 84' lang='grc' dir='ltr'>καὶ</span> <span class='ocrx_word' id='word_1_205' title='bbox 599 2967 676 3048; x_wconf 71' lang='grc' dir='ltr'>τούς</span> <span class='ocrx_word' id='word_1_206' title='bbox 696 2961 815 3048; x_wconf 69' lang='lat' dir='ltr'>ditovg</span> <span class='ocrx_word' id='word_1_207' title='bbox 835 2964 1008 3053; x_wconf 79' lang='grc' dir='ltr'><strong><em>μάρτυρας.</em></strong></span> <span class='ocrx_word' id='word_1_208' title='bbox 1061 2969 1224 3036; x_wconf 82' lang='lat' dir='ltr'>Putabam</span> <span class='ocrx_word' id='word_1_209' title='bbox 1245 2967 1329 3036; x_wconf 79' lang='lat' dir='ltr'>enim</span> 
     </span>
    </p>

    <p class='ocr_par' dir='ltr' id='par_1_18' title="bbox 233 3073 1330 3160">
     <span class='ocr_line' id='line_1_25' title="bbox 233 3073 1330 3160; baseline -0.002 -16"><span class='ocrx_word' id='word_1_210' title='bbox 233 3079 291 3145; x_wconf 84' lang='lat' dir='ltr'>viri</span> <span class='ocrx_word' id='word_1_211' title='bbox 311 3078 484 3146; x_wconf 89' lang='lat' dir='ltr'>doctissimi</span> <span class='ocrx_word' id='word_1_212' title='bbox 505 3099 583 3147; x_wconf 84' lang='lat' dir='ltr'>assc-</span> <span class='ocrx_word' id='word_1_213' title='bbox 596 3081 628 3146; x_wconf 93' lang='lat' dir='ltr'>in</span> <span class='ocrx_word' id='word_1_214' title='bbox 649 3080 761 3146; x_wconf 78' lang='lat' dir='ltr'>codice·</span> <span class='ocrx_word' id='word_1_215' title='bbox 777 3073 958 3160; x_wconf 74' lang='grc' dir='ltr'><strong><em>Μάρτυρες</em></strong></span> <span class='ocrx_word' id='word_1_216' title='bbox 979 3079 1118 3156; x_wconf 87' lang='lat' dir='ltr'>titulum,</span> <span class='ocrx_word' id='word_1_217' title='bbox 1142 3095 1224 3146; x_wconf 83' lang='lat' dir='ltr'>nnnc</span> <span class='ocrx_word' id='word_1_218' title='bbox 1243 3079 1330 3160; x_wconf 73' lang='lat' dir='ltr'>pasc</span> 
     </span>
    </p>

    <p class='ocr_par' dir='ltr' id='par_1_19' title="bbox 229 3183 1331 3270">
     <span class='ocr_line' id='line_1_26' title="bbox 229 3183 1331 3270; baseline -0.002 -18"><span class='ocrx_word' id='word_1_219' title='bbox 229 3204 327 3267; x_wconf 89' lang='lat' dir='ltr'>quam</span> <span class='ocrx_word' id='word_1_220' title='bbox 351 3206 408 3270; x_wconf 85' lang='lat' dir='ltr'>per</span> <span class='ocrx_word' id='word_1_221' title='bbox 422 3186 612 3255; x_wconf 84' lang='lat' dir='ltr'>Schooliium</span> <span class='ocrx_word' id='word_1_222' title='bbox 632 3191 764 3264; x_wconf 86' lang='lat' dir='ltr'>constat,</span> <span class='ocrx_word' id='word_1_223' title='bbox 790 3186 944 3270; x_wconf 83' lang='lat' dir='ltr'>scripturn</span> <span class='ocrx_word' id='word_1_224' title='bbox 966 3203 1037 3253; x_wconf 86' lang='lat' dir='ltr'>ossc</span> <span class='ocrx_word' id='word_1_225' title='bbox 1051 3183 1228 3268; x_wconf 77' lang='grc' dir='ltr'><strong><em>Μαρτυρία</em></strong></span> <span class='ocrx_word' id='word_1_226' title='bbox 1249 3183 1331 3251; x_wconf 84' lang='lat' dir='ltr'>titu-</span> 
     </span>
    </p>

    <p class='ocr_par' dir='ltr' id='par_1_20' title="bbox 232 3284 1330 3381">
     <span class='ocr_line' id='line_1_27' title="bbox 232 3284 1330 3381; baseline -0.003 -20"><span class='ocrx_word' id='word_1_227' title='bbox 232 3296 299 3362; x_wconf 86' lang='lat' dir='ltr'>lum</span> <span class='ocrx_word' id='word_1_228' title='bbox 315 3298 347 3381; x_wconf 86' lang='lat'>¹),</span> <span class='ocrx_word' id='word_1_229' title='bbox 383 3297 659 3366; x_wconf 86' lang='lat' dir='ltr'>Westcsmannum</span> <span class='ocrx_word' id='word_1_230' title='bbox 687 3297 790 3362; x_wconf 83' lang='lat' dir='ltr'>vorbis</span> <span class='ocrx_word' id='word_1_231' title='bbox 810 3290 919 3381; x_wconf 74' lang='grc' dir='ltr'>(κάλει</span> <span class='ocrx_word' id='word_1_232' title='bbox 948 3319 1006 3378; x_wconf 81' lang='grc' dir='ltr'>μου</span> <span class='ocrx_word' id='word_1_233' title='bbox 1029 3294 1082 3362; x_wconf 77' lang='grc' dir='ltr'>καὶ</span> <span class='ocrx_word' id='word_1_234' title='bbox 1112 3288 1191 3372; x_wconf 80' lang='grc' dir='ltr'>τούς</span> <span class='ocrx_word' id='word_1_235' title='bbox 1210 3284 1330 3374; x_wconf 68' lang='grc' dir='ltr'><strong><em>ἄλλους</em></strong></span> 
     </span>
    </p>

    <p class='ocr_par' dir='ltr' id='par_1_21' title="bbox 231 3397 1331 3488">
     <span class='ocr_line' id='line_1_28' title="bbox 231 3397 1331 3488; baseline 0.002 -20"><span class='ocrx_word' id='word_1_236' title='bbox 231 3397 405 3487; x_wconf 73' lang='grc' dir='ltr'><strong><em>μάρτυρας.</em></strong></span> <span class='ocrx_word' id='word_1_237' title='bbox 434 3408 698 3488; x_wconf 76' lang='grc' dir='ltr'><em>ΜΛΡΤΥΡΕΣ)</em></span> <span class='ocrx_word' id='word_1_238' title='bbox 721 3404 839 3472; x_wconf 89' lang='lat' dir='ltr'>additis</span> <span class='ocrx_word' id='word_1_239' title='bbox 854 3406 1000 3472; x_wconf 83' lang='lat' dir='ltr'>lsounam</span> <span class='ocrx_word' id='word_1_240' title='bbox 1021 3405 1141 3472; x_wconf 84' lang='lat' dir='ltr'>rectius</span> <span class='ocrx_word' id='word_1_241' title='bbox 1156 3403 1331 3487; x_wconf 80' lang='lat' dir='ltr'>explevisse</span> 
     </span>
    </p>

    <p class='ocr_par' dir='ltr' id='par_1_22' title="bbox 233 3514 416 3596">
     <span class='ocr_line' id='line_1_29' title="bbox 233 3514 416 3596; baseline 0.011 -18"><span class='ocrx_word' id='word_1_242' title='bbox 233 3514 416 3596; x_wconf 59' lang='lat' dir='ltr'>appa-rav).</span> 
     </span>
    </p>
   </div>
   <div class='ocr_carea' id='block_1_5' title="bbox 232 3781 1332 4362">
    <p class='ocr_par' dir='ltr' id='par_1_23' title="bbox 232 3781 1332 4362">
     <span class='ocr_line' id='line_1_30' title="bbox 412 3781 518 3828; baseline 0.009 -1"><span class='ocrx_word' id='word_1_243' title='bbox 412 3793 415 3799; x_wconf 94' lang='lat'>·</span> <span class='ocrx_word' id='word_1_244' title='bbox 490 3781 518 3828; x_wconf 80' lang='grc' dir='ltr'>ία</span> 
     </span>
     <span class='ocr_line' id='line_1_31' title="bbox 333 3795 1331 3918; baseline -0.005 -16"><span class='ocrx_word' id='word_1_245' title='bbox 333 3849 359 3917; x_wconf 88' lang='grc'>1)</span> <span class='ocrx_word' id='word_1_246' title='bbox 378 3863 452 3916; x_wconf 78' lang='lat' dir='ltr'>„voss</span> <span class='ocrx_word' id='word_1_247' title='bbox 472 3795 507 3918; x_wconf 53' lang='lat' dir='ltr'>Z·</span> <span class='ocrx_word' id='word_1_248' title='bbox 538 3846 576 3900; x_wconf 87' lang='lat' dir='ltr'>ist</span> <span class='ocrx_word' id='word_1_249' title='bbox 599 3865 617 3898; x_wconf 86' lang='grc' dir='ltr'><strong><em>α</em></strong></span> <span class='ocrx_word' id='word_1_250' title='bbox 639 3845 697 3902; x_wconf 86' lang='lat' dir='ltr'>und</span> <span class='ocrx_word' id='word_1_251' title='bbox 718 3845 764 3902; x_wconf 80' lang='lat' dir='ltr'>ain</span> <span class='ocrx_word' id='word_1_252' title='bbox 784 3845 868 3904; x_wconf 85' lang='lat' dir='ltr'>stiiok</span> <span class='ocrx_word' id='word_1_253' title='bbox 889 3833 953 3900; x_wconf 84' lang='lat' dir='ltr'>sons</span> <span class='ocrx_word' id='word_1_254' title='bbox 971 3866 981 3896; x_wconf 85' lang='grc' dir='ltr'><strong><em>ι</em></strong></span> <span class='ocrx_word' id='word_1_255' title='bbox 999 3843 1052 3898; x_wconf 86' lang='lat' dir='ltr'>snit</span> <span class='ocrx_word' id='word_1_256' title='bbox 1070 3841 1132 3902; x_wconf 84' lang='lat' dir='ltr'>dam</span> <span class='ocrx_word' id='word_1_257' title='bbox 1152 3843 1222 3904; x_wconf 70' lang='lat' dir='ltr'>rond</span> <span class='ocrx_word' id='word_1_258' title='bbox 1244 3842 1331 3912; x_wconf 66' lang='lat' dir='ltr'>sins-</span> 
     </span>
     <span class='ocr_line' id='line_1_32' title="bbox 233 3936 1250 3996; baseline -0.003 -4"><span class='ocrx_word' id='word_1_259' title='bbox 233 3936 401 3996; x_wconf 84' lang='lat' dir='ltr'>schnittsn.“</span> <span class='ocrx_word' id='word_1_260' title='bbox 1249 3981 1250 3989; x_wconf 69' lang='grc'>,</span> 
     </span>
     <span class='ocr_line' id='line_1_33' title="bbox 330 4019 1331 4092; baseline -0.004 -14"><span class='ocrx_word' id='word_1_261' title='bbox 330 4022 360 4092; x_wconf 74' lang='lat'>2)</span> <span class='ocrx_word' id='word_1_262' title='bbox 377 4022 472 4078; x_wconf 88' lang='lat' dir='ltr'>nascio</span> <span class='ocrx_word' id='word_1_263' title='bbox 490 4040 525 4076; x_wconf 84' lang='lat' dir='ltr'>an</span> <span class='ocrx_word' id='word_1_264' title='bbox 543 4022 627 4076; x_wconf 84' lang='lat' dir='ltr'>etiam</span> <span class='ocrx_word' id='word_1_265' title='bbox 641 4021 703 4092; x_wconf 80' lang='lat' dir='ltr'>Lys.</span> <span class='ocrx_word' id='word_1_266' title='bbox 724 4022 792 4085; x_wconf 77' lang='lat'>17,9</span> <span class='ocrx_word' id='word_1_267' title='bbox 810 4037 874 4076; x_wconf 87' lang='lat' dir='ltr'>oum</span> <span class='ocrx_word' id='word_1_268' title='bbox 892 4021 922 4076; x_wconf 90' lang='lat' dir='ltr'>in</span> <span class='ocrx_word' id='word_1_269' title='bbox 937 4019 971 4092; x_wconf 59' lang='grc' dir='ltr'>ἐξ</span> <span class='ocrx_word' id='word_1_270' title='bbox 984 4019 1037 4074; x_wconf 84' lang='grc'>8.9</span> <span class='ocrx_word' id='word_1_271' title='bbox 1056 4035 1113 4074; x_wconf 91' lang='lat' dir='ltr'>non</span> <span class='ocrx_word' id='word_1_272' title='bbox 1132 4019 1223 4081; x_wconf 83' lang='lat' dir='ltr'>solnm</span> <span class='ocrx_word' id='word_1_273' title='bbox 1242 4023 1331 4074; x_wconf 81' lang='lat' dir='ltr'>tostas</span> 
     </span>
     <span class='ocr_line' id='line_1_34' title="bbox 233 4101 1332 4182; baseline -0.006 -17"><span class='ocrx_word' id='word_1_274' title='bbox 233 4127 262 4166; x_wconf 86' lang='lat' dir='ltr'>sc</span> <span class='ocrx_word' id='word_1_275' title='bbox 279 4105 481 4182; x_wconf 81' lang='lat' dir='ltr'>producturum</span> <span class='ocrx_word' id='word_1_276' title='bbox 502 4109 550 4165; x_wconf 91' lang='lat' dir='ltr'>ssd</span> <span class='ocrx_word' id='word_1_277' title='bbox 568 4109 652 4164; x_wconf 83' lang='lat' dir='ltr'>stiam</span> <span class='ocrx_word' id='word_1_278' title='bbox 671 4107 799 4168; x_wconf 76' lang='lat' dir='ltr'>sos-ibam¹</span> <span class='ocrx_word' id='word_1_279' title='bbox 810 4105 919 4165; x_wconf 85' lang='lat' dir='ltr'>tabulas</span> <span class='ocrx_word' id='word_1_280' title='bbox 937 4109 1111 4178; x_wconf 75' lang='lat' dir='ltr'>quaestorias</span> <span class='ocrx_word' id='word_1_281' title='bbox 1129 4105 1188 4172; x_wconf 76' lang='grc' dir='ltr'>(τὰς</span> <span class='ocrx_word' id='word_1_282' title='bbox 1203 4101 1332 4176; x_wconf 76' lang='grc' dir='ltr'><strong><em>ἀπογρα·</em></strong></span> 
     </span>
     <span class='ocr_line' id='line_1_35' title="bbox 232 4189 1330 4272; baseline -0.002 -20"><span class='ocrx_word' id='word_1_283' title='bbox 232 4193 299 4272; x_wconf 70' lang='grc' dir='ltr'>φάς)</span> <span class='ocrx_word' id='word_1_284' title='bbox 317 4198 501 4254; x_wconf 71' lang='lat' dir='ltr'>recitaturum</span> <span class='ocrx_word' id='word_1_285' title='bbox 528 4197 690 4268; x_wconf 79' lang='lat' dir='ltr'>promiserit</span> <span class='ocrx_word' id='word_1_286' title='bbox 712 4197 816 4268; x_wconf 73' lang='lat' dir='ltr'>orator,</span> <span class='ocrx_word' id='word_1_287' title='bbox 844 4193 1020 4260; x_wconf 77' lang='lat' dir='ltr'>insonandum</span> <span class='ocrx_word' id='word_1_288' title='bbox 1040 4195 1091 4252; x_wconf 82' lang='lat' dir='ltr'>sit:</span> <span class='ocrx_word' id='word_1_289' title='bbox 1108 4189 1263 4266; x_wconf 66' lang='lat' dir='ltr'>ddvdyvodt</span> <span class='ocrx_word' id='word_1_290' title='bbox 1277 4211 1330 4266; x_wconf 81' lang='grc' dir='ltr'>μοι</span> 
     </span>
     <span class='ocr_line' id='line_1_36' title="bbox 233 4283 795 4362; baseline 0 -18"><span class='ocrx_word' id='word_1_291' title='bbox 233 4284 343 4350; x_wconf 68' lang='lat' dir='ltr'>arnissis</span> <span class='ocrx_word' id='word_1_292' title='bbox 359 4283 534 4362; x_wconf 74' lang='grc' dir='ltr'><strong><em>ἀπογραφάς.</em></strong></span> <span class='ocrx_word' id='word_1_293' title='bbox 561 4293 795 4350; x_wconf 71' lang='grc' dir='ltr'><em>ΛΠΟΓΡΛΦΑΙ.</em></span> 
     </span>
    </p>
   </div>
   <div class='ocr_carea' id='block_1_6' title="bbox 0 0 1452 4902">
    <p class='ocr_par' dir='ltr' id='par_1_24' title="bbox 0 0 1452 4902">
     <span class='ocr_line' id='line_1_37' title="bbox 0 0 1452 4902; baseline 0 0"><span class='ocrx_word' id='word_1_294' title='bbox 0 0 1452 4902; x_wconf 95' lang='lat' dir='ltr'> </span> 
     </span>
    </p>
   </div>
  </div>
 </body>
</html>
