2894 4906
658 427 695 488 57

134 609 209 692 quia
241 611 272 676 in
293 608 362 676 iure
383 608 486 676 Attico
508 608 658 676 dictiones
680 611 866 676 immutatae
886 613 919 675 et
938 613 1117 674 constantes
1137 610 1221 674 sunt.

68 749 71 756 ⁴
124 719 225 797 ¹Quod
247 739 317 786 cum
339 721 384 785 ito
416 721 467 800 sit,
496 739 590 802 quem
614 720 782 786 admodum
806 719 887 786 lsoei
908 719 996 786 locus
1018 717 1221 800 corrigendus
1266 813 1268 820 y

135 829 177 896 sit
197 829 369 910 quaeritur.
400 828 537 895 Oobetus
556 827 681 895 δίαιταν
702 829 875 911 proposuit,
895 828 950 894 sed
970 825 1100 894 verbnm
1124 825 1220 892 deleri

135 937 210 1002 mihi
240 939 338 1004 leuior
360 937 485 1004 videtur
513 938 676 1015 medicina,
711 940 785 1018 qnia
803 926 952 1004 facillime
987 937 1027 1004 ad
1049 936 1222 1017 marginem

55 1133 59 1144 ἱ
134 1048 227 1114 scribi
248 1049 361 1130 potuit,
392 1067 464 1115 cum
496 1047 547 1115 hic
575 1049 644 1128 ipse
665 1048 835 1114 infinitivus
867 1065 984 1130 paucos
1007 1065 1114 1112 versus
1140 1044 1221 1110 inira

134 1156 268 1238 legatur.
301 1157 379 1224 Gom
402 1157 520 1224 Gobeto
541 1155 687 1237 facerem,
706 1159 733 1224 si
754 1158 1043 1243 dianopam-eodem
1070 1156 1155 1222 brevi
1176 1155 1221 1218 in-
1262 1195 1266 1200 -
1397 1175 1401 1184 ·

134 1265 266 1334 tervollo
286 1269 433 1351 praeiret,
458 1273 495 1334 ut
526 1269 688 1335 librarium
720 1288 785 1336 eor.
807 1267 859 1333 inf.
881 1267 1031 1334 memoria
1062 1271 1221 1334 tenentem

134 1378 240 1443 oblato
264 1381 473 1442 AIAITAN
491 1379 585 1444 verbo
616 1377 778 1465 διαιτῆσαι
804 1379 966 1459 scripsisse
988 1376 1053 1442 veri
1074 1375 1222 1442 dissimile

134 1505 194 1553 non
216 1486 386 1554 uideretur.

232 1597 273 1662 Is.
294 1599 322 1684 3,
348 1601 396 1663 25.
420 1591 604 1683 Νικόδημος
626 1594 738 1664 οὑτοσὶ
760 1595 816 1662 ἕνα
829 1591 930 1680 μόνον
949 1591 1096 1680 μάρτυρα
1117 1619 1222 1679 παρα*

134 1703 270 1782 καλέσας
291 1705 368 1787 μεθ’
391 1701 506 1771 ἑαυτοῦ
529 1709 575 1793 τῷ
596 1703 887 1788 εὸν’τρι’ταλαντον
917 1697 1009 1771 οἶκον
1037 1704 1219 1794 κεκαρμένῳ

136 1812 284 1898 ἐγγυῆσαί
304 1837 385 1901 φησι
407 1810 465 1903 τὴν
485 1807 641 1903 α’δεληιίν·
670 1815 748 1900 μεθ’
768 1812 885 1882 ἑαυτοῦ
917 1816 1023 1894 verba,
1058 1816 1091 1880 in
1109 1815 1222 1898 quibus

133 1942 225 1989 nemo
240 1923 342 1990 adhuc
363 1924 505 2006 offendit,
528 1945 578 1993 me
593 1945 656 1992 non
677 1927 860 2008 intellegere
881 1925 1031 2008 profiteor
1045 1943 1108 2008 qno
1129 1925 1222 1991 modo

135 2032 263 2097 tolerari
287 2033 419 2114 possint
450 2033 509 2098 nisi
530 2032 610 2098 lorte
633 2052 724 2116 quem
748 2035 788 2099 od
811 2034 938 2099 modum
962 2030 1115 2113 ἕπεσθαι,
1147 2023 1221 2098 ‹ino-

134 2140 271 2204 λαυθεῑν
296 2134 487 2221 parcissime,
513 2141 657 2208 similiter
676 2142 876 2224 παρακαλεῖν
903 2143 980 2224 μεθ’
1005 2136 1105 2207 αὑτοῦ
1133 2159 1222 2208 usur·

136 2251 206 2330 pori
238 2251 381 2331 potuisse
402 2249 577 2333 putandum
608 2251 683 2332 erit;
717 2251 771 2317 sed
794 2271 866 2318 cum
886 2251 941 2316 illo
973 2250 1071 2317 verbu
1089 2250 1154 2317 sint
1176 2251 1223 2316 in.—

134 2360 309 2438 trnnsitive‚
333 2360 534 2441 παρακαλεῖν
556 2365 665 2439 trans,
688 2362 841 2426 eiusmodi
862 2361 1032 2442 explicatio
1053 2360 1141 2426 nihili
1154 2379 1222 2426 csse

6 2533 7 2542 η
132 2468 266 2533 ridetur.
308 2469 438 2535 Accedit
460 2472 543 2550 quod
562 2470 647 2550 apud
671 2471 840 2550 scriptores
861 2471 983 2536 Atticos
1004 2487 1159 2550 nusquam
1181 2471 1222 2535 od
1292 2469 1296 2476 “

136 2577 334 2661 παρακαλεῖν
365 2579 464 2644 simile
491 2580 566 2661 qnid
598 2579 738 2662 additpm
763 2585 820 2644 est
852 2579 942 2657 Quae
963 2598 1036 2644 cum
1068 2578 1114 2644 ito
1146 2578 1221 2654 sint,
1255 2579 1262 2596 '

134 2685 212 2765 μεθ’
237 2681 353 2750 ἑαυτοῦ
372 2687 504 2754 delendo
525 2705 594 2755 esso
612 2707 741 2769 cense03
761 2689 815 2754 sed
837 2689 1011 2769 quomodo
1032 2690 1064 2753 in
1088 2688 1223 2754 oratoris

134 2794 231 2862 uerba
259 2797 484 2878 inrepserumt?
517 2799 687 2880 scripserat
717 2798 829 2865 sciolus
861 2798 1090 2880 grammaticus
1118 2815 1217 2878 supra

280 2898 364 2984 ἔχων
385 2902 463 2985 μεθ’
483 2898 599 2970 ἑαυτοῦ

134 3029 262 3078 versum
282 3011 516 3095 παρακαλέσας,
539 3015 577 3080 uf.
600 3013 629 3096 ᾖ.
653 3017 702 3080 22.
768 3020 771 3029 ’

232 3121 382 3187 Fortasse
403 3121 503 3188 simile
515 3123 831 3203 interpretamentum
850 3124 1010 3193 invonitur
1031 3125 1114 3202 7,15
1137 3115 1223 3188 οὕτω

134 3225 578 3318 δ’ἒπείσθηταῦεαποιῆσαι
598 3227 652 3296 διὰ
672 3229 795 3312 ταχέων
814 3226 891 3298 o‘i'oo'
912 3223 1040 3309 εὐθέως
1064 3254 1105 3314 με
1117 3225 1225 3312 λαβών

134 3327 227 3423 ᾤχετ’
256 3333 340 3418 ἔχων
361 3334 446 3420 πρὸς
466 3335 573 3420 αὐτόν,
603 3361 677 3408 nam
700 3343 844 3423 quamvis
875 3335 983 3423 λαβὼν
1006 3336 1070 3422 ἔχω
1099 3342 1224 3424 saepius

133 3447 260 3527 legatur
281 3452 389 3514 tomen
422 3443 531 3530 λαβών
553 3445 637 3530 ἔχων
668 3451 842 3516 coniunctio
862 3451 969 3515 durior
1000 3469 1069 3517 esse
1101 3449 1224 3517 ridetur

133 3557 300 3638 alienoque
321 3558 361 3622 ab
384 3559 583 3641 oratoribns;
603 3560 640 3626 cl.
665 3560 737 3644 Lys,
753 3565 781 3638 3,
807 3564 855 3625 10.
878 3563 926 3639 32,
949 3560 1061 3640 quibus
1074 3560 1223 3640 exemplis

136 3667 260 3745 siquid
294 3667 491 3734 tribuendum
525 3674 574 3736 est
604 3665 687 3749 ἔχων
718 3668 893 3734 deleverim.
932 3667 1107 3750 Scripsorot
1127 3668 1226 3751 igitur

134 3775 238 3840 nescio
262 3776 332 3856 quis
355 3771 438 3857 ἔχων
459 3797 553 3860 super
573 3772 681 3859 λαβών
702 3766 813 3863 ᾤχετο.

236 3887 265 3962 3,
287 3887 326 3948 32
372 3880 512 3971 Φίληνὸ
541 3878 622 3973 α’νὴρ
643 3876 746 3968 ὄνομα
779 3879 991 3971 ἐπεγράψατο
1024 3876 1107 3952 εἶναι
1132 3876 1223 3974 αὐτῇ.

135 3990 272 4060 coaetus
304 3995 335 4058 in
357 3971 470 4060 Mnem.
506 4002 552 4075 ll,
579 4000 637 4060 115
670 3995 804 4076 requirit
838 3993 949 4071 Φίλαν,
981 4000 1016 4059 st
1044 3994 1084 4060 cf.
1106 3994 1225 4060 Kuma-

135 4099 229 4164 nudis
258 4103 336 4167 conl.
367 4102 449 4167 titul.
469 4101 590 4168 funebr.
621 4105 690 4168 717.
715 4107 803 4170 1157,
828 4105 919 4169 1659.
942 4105 1031 4169 2772.
1056 4107 1147 4180 3416,
1169 4104 1221 4169 ubi

139 4205 224 4294 Φίλη
243 4216 300 4291 est,
321 4218 429 4280 contra
453 4216 542 4279 1262.
568 4218 649 4278 1994
670 4219 794 4280 tuntum
818 4212 900 4278 Φίλα
921 4214 1058 4296 legitur.¹
1157 4273 1160 4278 .

240 4323 269 4400 3,
291 4325 330 4384 45
352 4315 410 4384 τίν
439 4319 474 4387 ἐκ
496 4321 553 4412 τῆς
574 4321 725 4408 ἑγγυηεῖς
743 4324 790 4409 τῷ
811 4318 933 4408 Πύρρῳ
953 4322 1159 4411 γεγενημένην
1179 4316 1225 4402 ὦς
