<?xml version="1.0" encoding="UTF-8"?>
<!DOCTYPE html PUBLIC "-//W3C//DTD XHTML 1.0 Transitional//EN"
    "http://www.w3.org/TR/xhtml1/DTD/xhtml1-transitional.dtd">
<html xmlns="http://www.w3.org/1999/xhtml" xml:lang="en" lang="en">
 <head>
  <title>
</title>
<meta http-equiv="Content-Type" content="text/html;charset=utf-8" />
  <meta name='ocr-system' content='tesseract 3.04.00' />
  <meta name='ocr-capabilities' content='ocr_page ocr_carea ocr_par ocr_line ocrx_word'/>
</head>
<body>
  <div class='ocr_page' id='page_1' title='image "./animadversiones00fuhrgoog_0019.png"; bbox 0 0 2894 4906; ppageno 0'>
   <div class='ocr_carea' id='block_1_1' title="bbox 764 381 802 449">
    <p class='ocr_par' dir='ltr' id='par_1_1' title="bbox 764 381 802 449">
     <span class='ocr_line' id='line_1_1' title="bbox 764 381 802 449; baseline 0.132 -5"><span class='ocrx_word' id='word_1_1' title='bbox 764 381 802 449; x_wconf 75' lang='grc'>16</span> 
     </span>
    </p>
   </div>
   <div class='ocr_carea' id='block_1_2' title="bbox 238 567 1318 765">
    <p class='ocr_par' dir='ltr' id='par_1_2' title="bbox 238 567 1318 765">
     <span class='ocr_line' id='line_1_2' title="bbox 238 567 1318 652; baseline -0.002 -16"><span class='ocrx_word' id='word_1_2' title='bbox 238 569 360 642; x_wconf 80' lang='lat' dir='ltr'>nullius</span> <span class='ocrx_word' id='word_1_3' title='bbox 386 567 626 651; x_wconf 79' lang='lat' dir='ltr'>histGraead,</span> <span class='ocrx_word' id='word_1_4' title='bbox 648 568 1197 652; x_wconf 79' lang='lat' dir='ltr'>456Rebdontnius1nnttslpbror</span> <span class='ocrx_word' id='word_1_5' title='bbox 1214 567 1318 636; x_wconf 83' lang='lat' dir='ltr'>Ghabr</span> 
     </span>
     <span class='ocr_line' id='line_1_3' title="bbox 239 683 643 765; baseline 0.003 -18"><span class='ocrx_word' id='word_1_6' title='bbox 239 687 298 749; x_wconf 85' lang='lat' dir='ltr'>oet.</span> <span class='ocrx_word' id='word_1_7' title='bbox 321 697 352 765; x_wconf 86' lang='lat' dir='ltr'>p.</span> <span class='ocrx_word' id='word_1_8' title='bbox 378 687 413 746; x_wconf 89' lang='lat'>11</span> <span class='ocrx_word' id='word_1_9' title='bbox 436 683 643 748; x_wconf 86' lang='lat' dir='ltr'>coniecerant</span> 
     </span>
    </p>
   </div>
   <div class='ocr_carea' id='block_1_3' title="bbox 337 791 1406 876">
    <p class='ocr_par' dir='ltr' id='par_1_3' title="bbox 337 791 1406 876">
     <span class='ocr_line' id='line_1_4' title="bbox 337 791 1406 876; baseline -0.002 -16"><span class='ocrx_word' id='word_1_10' title='bbox 337 793 495 864; x_wconf 84' lang='lat' dir='ltr'>Blaesio</span> <span class='ocrx_word' id='word_1_11' title='bbox 486 791 779 876; x_wconf 81' lang='lat' dir='ltr'>interpretationem</span> <span class='ocrx_word' id='word_1_12' title='bbox 808 795 838 873; x_wconf 66' lang='grc' dir='ltr'>ξ.</span> <span class='ocrx_word' id='word_1_13' title='bbox 860 795 900 856; x_wconf 84' lang='grc'>20</span> <span class='ocrx_word' id='word_1_14' title='bbox 921 793 1089 874; x_wconf 84' lang='lat' dir='ltr'>praecipue</span> <span class='ocrx_word' id='word_1_15' title='bbox 1121 793 1198 861; x_wconf 90' lang='lat' dir='ltr'>vitio</span> <span class='ocrx_word' id='word_1_16' title='bbox 1220 795 1320 875; x_wconf 64' lang='lat' dir='ltr'>verbm</span> <span class='ocrx_word' id='word_1_17' title='bbox 1405 861 1406 866; x_wconf 62' lang='grc'>,</span> 
     </span>
    </p>
   </div>
   <div class='ocr_carea' id='block_1_4' title="bbox 179 903 1330 1756">
    <p class='ocr_par' dir='ltr' id='par_1_4' title="bbox 179 903 1330 1756">
     <span class='ocr_line' id='line_1_5' title="bbox 239 903 1322 987; baseline 0.002 -19"><span class='ocrx_word' id='word_1_18' title='bbox 239 903 335 984; x_wconf 87' lang='lat' dir='ltr'>ipsius</span> <span class='ocrx_word' id='word_1_19' title='bbox 365 903 461 970; x_wconf 85' lang='lat' dir='ltr'>verba</span> <span class='ocrx_word' id='word_1_20' title='bbox 482 905 688 972; x_wconf 83' lang='lat' dir='ltr'>audiantur:</span> <span class='ocrx_word' id='word_1_21' title='bbox 724 907 805 985; x_wconf 81' lang='lat' dir='ltr'>,&#39;,mit</span> <span class='ocrx_word' id='word_1_22' title='bbox 825 905 1007 974; x_wconf 86' lang='lat' dir='ltr'>Andokides</span> <span class='ocrx_word' id='word_1_23' title='bbox 1039 907 1193 987; x_wconf 73' lang='lat' dir='ltr'>angebe‘,</span> <span class='ocrx_word' id='word_1_24' title='bbox 1229 904 1322 985; x_wconf 88' lang='lat' dir='ltr'>inquit</span> 
     </span>
     <span class='ocr_line' id='line_1_6' title="bbox 239 1013 1323 1100; baseline 0 -20"><span class='ocrx_word' id='word_1_25' title='bbox 239 1013 313 1080; x_wconf 86' lang='lat' dir='ltr'>bist.</span> <span class='ocrx_word' id='word_1_26' title='bbox 335 1013 415 1094; x_wconf 87' lang='lat' dir='ltr'>eloq.</span> <span class='ocrx_word' id='word_1_27' title='bbox 440 1018 466 1094; x_wconf 91' lang='lat' dir='ltr'>l,</span> <span class='ocrx_word' id='word_1_28' title='bbox 490 1017 561 1094; x_wconf 83' lang='grc'>663,</span> <span class='ocrx_word' id='word_1_29' title='bbox 584 1014 677 1100; x_wconf 80' lang='lat' dir='ltr'>„dass</span> <span class='ocrx_word' id='word_1_30' title='bbox 700 1015 750 1081; x_wconf 91' lang='lat' dir='ltr'>die</span> <span class='ocrx_word' id='word_1_31' title='bbox 770 1015 907 1082; x_wconf 84' lang='lat' dir='ltr'>Bneoter</span> <span class='ocrx_word' id='word_1_32' title='bbox 929 1016 977 1084; x_wconf 90' lang='lat' dir='ltr'>bis</span> <span class='ocrx_word' id='word_1_33' title='bbox 999 1015 1094 1083; x_wconf 87' lang='lat' dir='ltr'>dahin</span> <span class='ocrx_word' id='word_1_34' title='bbox 1116 1015 1220 1098; x_wconf 88' lang='lat' dir='ltr'>4jare</span> <span class='ocrx_word' id='word_1_35' title='bbox 1241 1015 1323 1096; x_wconf 78' lang='lat' dir='ltr'>leeg</span> 
     </span>
     <span class='ocr_line' id='line_1_7' title="bbox 240 1122 1324 1211; baseline 0 -21"><span class='ocrx_word' id='word_1_36' title='bbox 240 1122 355 1206; x_wconf 84' lang='lat' dir='ltr'>geldrt,</span> <span class='ocrx_word' id='word_1_37' title='bbox 375 1125 473 1192; x_wconf 82' lang='lat' dir='ltr'>loesst</span> <span class='ocrx_word' id='word_1_38' title='bbox 493 1125 560 1192; x_wconf 88' lang='lat' dir='ltr'>sich</span> <span class='ocrx_word' id='word_1_39' title='bbox 583 1125 640 1190; x_wconf 90' lang='lat' dir='ltr'>das</span> <span class='ocrx_word' id='word_1_40' title='bbox 659 1128 710 1207; x_wconf 86' lang='lat' dir='ltr'>jar</span> <span class='ocrx_word' id='word_1_41' title='bbox 725 1130 787 1192; x_wconf 77' lang='lat'>390</span> <span class='ocrx_word' id='word_1_42' title='bbox 808 1142 843 1192; x_wconf 90' lang='lat' dir='ltr'>so</span> <span class='ocrx_word' id='word_1_43' title='bbox 864 1126 1023 1211; x_wconf 70' lang='lat' dir='ltr'>carpineo,</span> <span class='ocrx_word' id='word_1_44' title='bbox 1044 1127 1119 1194; x_wconf 87' lang='lat' dir='ltr'>dass</span> <span class='ocrx_word' id='word_1_45' title='bbox 1141 1128 1198 1195; x_wconf 86' lang='lat' dir='ltr'>der</span> <span class='ocrx_word' id='word_1_46' title='bbox 1218 1126 1324 1192; x_wconf 82' lang='lat' dir='ltr'>mdner</span> 
     </span>
     <span class='ocr_line' id='line_1_8' title="bbox 240 1233 1326 1320; baseline 0.001 -20"><span class='ocrx_word' id='word_1_47' title='bbox 240 1233 335 1303; x_wconf 84' lang='lat' dir='ltr'>scuol</span> <span class='ocrx_word' id='word_1_48' title='bbox 357 1233 417 1300; x_wconf 90' lang='lat' dir='ltr'>den</span> <span class='ocrx_word' id='word_1_49' title='bbox 439 1239 506 1302; x_wconf 80' lang='lat' dir='ltr'>rest</span> <span class='ocrx_word' id='word_1_50' title='bbox 524 1251 585 1302; x_wconf 84' lang='lat' dir='ltr'>uon</span> <span class='ocrx_word' id='word_1_51' title='bbox 608 1239 678 1315; x_wconf 81' lang='lat'>395,</span> <span class='ocrx_word' id='word_1_52' title='bbox 701 1238 805 1302; x_wconf 86' lang='lat' dir='ltr'>indam</span> <span class='ocrx_word' id='word_1_53' title='bbox 828 1237 863 1318; x_wconf 91' lang='lat' dir='ltr'>ja</span> <span class='ocrx_word' id='word_1_54' title='bbox 884 1237 940 1304; x_wconf 89' lang='lat' dir='ltr'>der</span> <span class='ocrx_word' id='word_1_55' title='bbox 959 1236 1050 1320; x_wconf 85' lang='lat' dir='ltr'>hnieg</span> <span class='ocrx_word' id='word_1_56' title='bbox 1071 1237 1199 1302; x_wconf 74' lang='lat' dir='ltr'>ensem</span> <span class='ocrx_word' id='word_1_57' title='bbox 1221 1237 1326 1303; x_wconf 90' lang='lat' dir='ltr'>herbst</span> 
     </span>
     <span class='ocr_line' id='line_1_9' title="bbox 241 1344 1325 1429; baseline 0.002 -19"><span class='ocrx_word' id='word_1_58' title='bbox 241 1344 410 1426; x_wconf 81' lang='lat' dir='ltr'>begann1),</span> <span class='ocrx_word' id='word_1_59' title='bbox 433 1345 480 1412; x_wconf 88' lang='lat' dir='ltr'>als</span> <span class='ocrx_word' id='word_1_60' title='bbox 495 1345 561 1426; x_wconf 64' lang='lat' dir='ltr'>&lt;den</span> <span class='ocrx_word' id='word_1_61' title='bbox 583 1345 701 1428; x_wconf 79' lang='lat' dir='ltr'>anlang</span> <span class='ocrx_word' id='word_1_62' title='bbox 732 1365 791 1412; x_wconf 91' lang='lat' dir='ltr'>von</span> <span class='ocrx_word' id='word_1_63' title='bbox 814 1351 885 1428; x_wconf 83' lang='lat'>390,</span> <span class='ocrx_word' id='word_1_64' title='bbox 919 1365 965 1413; x_wconf 88' lang='lat' dir='ltr'>wo</span> <span class='ocrx_word' id='word_1_65' title='bbox 986 1348 1066 1414; x_wconf 86' lang='lat' dir='ltr'>noch</span> <span class='ocrx_word' id='word_1_66' title='bbox 1087 1347 1180 1415; x_wconf 79' lang='lat' dir='ltr'>hoium</span> <span class='ocrx_word' id='word_1_67' title='bbox 1211 1347 1325 1429; x_wconf 83' lang='lat' dir='ltr'>kriegs·</span> 
     </span>
     <span class='ocr_line' id='line_1_10' title="bbox 179 1454 1326 1539; baseline 0.002 -19"><span class='ocrx_word' id='word_1_68' title='bbox 179 1497 180 1502; x_wconf 65' lang='lat'>,</span> <span class='ocrx_word' id='word_1_69' title='bbox 239 1454 410 1538; x_wconf 82' lang='lat' dir='ltr'>croignisse</span> <span class='ocrx_word' id='word_1_70' title='bbox 444 1455 684 1537; x_wconf 83' lang='lat' dir='ltr'>stattgelunden</span> <span class='ocrx_word' id='word_1_71' title='bbox 719 1457 846 1539; x_wconf 70' lang='lat' dir='ltr'>holtem</span> <span class='ocrx_word' id='word_1_72' title='bbox 882 1455 1172 1538; x_wconf 77' lang='lat' dir='ltr'>unbertichsiehtigt</span> <span class='ocrx_word' id='word_1_73' title='bbox 1205 1457 1326 1522; x_wconf 86' lang='lat' dir='ltr'>laesst‘¹</span> 
     </span>
     <span class='ocr_line' id='line_1_11' title="bbox 240 1562 1328 1650; baseline -0.002 -18"><span class='ocrx_word' id='word_1_74' title='bbox 240 1562 331 1632; x_wconf 83' lang='lat' dir='ltr'>Anno</span> <span class='ocrx_word' id='word_1_75' title='bbox 354 1567 416 1630; x_wconf 82' lang='lat'>390</span> <span class='ocrx_word' id='word_1_76' title='bbox 450 1567 588 1632; x_wconf 89' lang='lat' dir='ltr'>nondum</span> <span class='ocrx_word' id='word_1_77' title='bbox 611 1566 783 1650; x_wconf 75' lang='lat' dir='ltr'>quidquam</span> <span class='ocrx_word' id='word_1_78' title='bbox 806 1566 903 1635; x_wconf 83' lang='lat' dir='ltr'>luisse</span> <span class='ocrx_word' id='word_1_79' title='bbox 924 1569 1047 1650; x_wconf 66' lang='lat' dir='ltr'>gutum</span> <span class='ocrx_word' id='word_1_80' title='bbox 1062 1585 1145 1634; x_wconf 89' lang='lat' dir='ltr'>nuno</span> <span class='ocrx_word' id='word_1_81' title='bbox 1163 1570 1328 1649; x_wconf 85' lang='lat' dir='ltr'>postquam</span> 
     </span>
     <span class='ocr_line' id='line_1_12' title="bbox 242 1671 1330 1756; baseline 0.001 -20"><span class='ocrx_word' id='word_1_82' title='bbox 242 1671 417 1739; x_wconf 89' lang='lat' dir='ltr'>orationem</span> <span class='ocrx_word' id='word_1_83' title='bbox 447 1677 570 1740; x_wconf 83' lang='lat' dir='ltr'>aestate</span> <span class='ocrx_word' id='word_1_84' title='bbox 593 1672 734 1740; x_wconf 75' lang='lat' dir='ltr'>habitam</span> <span class='ocrx_word' id='word_1_85' title='bbox 757 1691 825 1740; x_wconf 92' lang='lat' dir='ltr'>esse</span> <span class='ocrx_word' id='word_1_86' title='bbox 845 1675 992 1756; x_wconf 79' lang='lat' dir='ltr'>opinatur</span> <span class='ocrx_word' id='word_1_87' title='bbox 1010 1675 1078 1756; x_wconf 87' lang='lat' dir='ltr'>ipse</span> <span class='ocrx_word' id='word_1_88' title='bbox 1096 1677 1205 1740; x_wconf 82' lang='lat' dir='ltr'>tenere</span> <span class='ocrx_word' id='word_1_89' title='bbox 1227 1673 1330 1754; x_wconf 85' lang='lat' dir='ltr'>nequi-</span> 
     </span>
    </p>
   </div>
   <div class='ocr_carea' id='block_1_5' title="bbox 242 1779 1424 1888">
    <p class='ocr_par' dir='ltr' id='par_1_5' title="bbox 242 1779 1424 1888">
     <span class='ocr_line' id='line_1_13' title="bbox 242 1779 1424 1888; baseline -0.002 -41"><span class='ocrx_word' id='word_1_90' title='bbox 242 1779 299 1859; x_wconf 88' lang='lat' dir='ltr'>bit,</span> <span class='ocrx_word' id='word_1_91' title='bbox 326 1781 378 1848; x_wconf 89' lang='lat' dir='ltr'>sed</span> <span class='ocrx_word' id='word_1_92' title='bbox 402 1799 462 1860; x_wconf 84' lang='lat' dir='ltr'>„ne</span> <span class='ocrx_word' id='word_1_93' title='bbox 482 1781 699 1862; x_wconf 86' lang='lat' dir='ltr'>tunqnidem</span> <span class='ocrx_word' id='word_1_94' title='bbox 717 1782 876 1866; x_wconf 81' lang='lat' dir='ltr'>integrum</span> <span class='ocrx_word' id='word_1_95' title='bbox 901 1781 975 1850; x_wconf 92' lang='lat' dir='ltr'>belli</span> <span class='ocrx_word' id='word_1_96' title='bbox 996 1783 1332 1865; x_wconf 80' lang='lat' dir='ltr'>quinquenniumpor·</span> <span class='ocrx_word' id='word_1_97' title='bbox 1423 1813 1424 1888; x_wconf 71' lang='lat' dir='ltr'>l</span> 
     </span>
    </p>
   </div>
   <div class='ocr_carea' id='block_1_6' title="bbox 209 1889 1338 2516">
    <p class='ocr_par' dir='ltr' id='par_1_6' title="bbox 209 1889 1338 2516">
     <span class='ocr_line' id='line_1_14' title="bbox 239 1889 1331 1974; baseline -0.004 -14"><span class='ocrx_word' id='word_1_98' title='bbox 239 1894 349 1960; x_wconf 84' lang='lat' dir='ltr'>aetum</span> <span class='ocrx_word' id='word_1_99' title='bbox 373 1891 463 1956; x_wconf 85' lang='lat' dir='ltr'>erat“</span> <span class='ocrx_word' id='word_1_100' title='bbox 485 1889 544 1968; x_wconf 90' lang='lat' dir='ltr'>(eit</span> <span class='ocrx_word' id='word_1_101' title='bbox 565 1889 663 1971; x_wconf 88' lang='lat' dir='ltr'>praef.</span> <span class='ocrx_word' id='word_1_102' title='bbox 688 1891 738 1959; x_wconf 88' lang='lat' dir='ltr'>ad.</span> <span class='ocrx_word' id='word_1_103' title='bbox 751 1892 867 1959; x_wconf 86' lang='lat' dir='ltr'>hudoo.</span> <span class='ocrx_word' id='word_1_104' title='bbox 879 1911 911 1974; x_wconf 89' lang='lat' dir='ltr'>p.</span> <span class='ocrx_word' id='word_1_105' title='bbox 922 1891 1021 1971; x_wconf 88' lang='lat' dir='ltr'>XVII,</span> <span class='ocrx_word' id='word_1_106' title='bbox 1042 1891 1088 1972; x_wconf 88' lang='lat' dir='ltr'>n.)</span> <span class='ocrx_word' id='word_1_107' title='bbox 1117 1891 1208 1973; x_wconf 87' lang='lat' dir='ltr'>quasi</span> <span class='ocrx_word' id='word_1_108' title='bbox 1231 1890 1331 1956; x_wconf 79' lang='lat' dir='ltr'>Ande</span> 
     </span>
     <span class='ocr_line' id='line_1_15' title="bbox 209 1990 1335 2083; baseline -0.001 -18"><span class='ocrx_word' id='word_1_109' title='bbox 209 2025 213 2036; x_wconf 91' lang='lat'>·</span> <span class='ocrx_word' id='word_1_110' title='bbox 237 1990 328 2066; x_wconf 83' lang='lat' dir='ltr'>&#39;eides</span> <span class='ocrx_word' id='word_1_111' title='bbox 347 1998 507 2081; x_wconf 82' lang='lat' dir='ltr'>integrum</span> <span class='ocrx_word' id='word_1_112' title='bbox 527 2001 777 2081; x_wconf 81' lang='lat' dir='ltr'>quinquennium</span> <span class='ocrx_word' id='word_1_113' title='bbox 799 2019 876 2066; x_wconf 90' lang='lat' dir='ltr'>num</span> <span class='ocrx_word' id='word_1_114' title='bbox 890 2002 1058 2083; x_wconf 82' lang='lat' dir='ltr'>peractum·</span> <span class='ocrx_word' id='word_1_115' title='bbox 1073 2004 1158 2066; x_wconf 85' lang='lat' dir='ltr'>esset</span> <span class='ocrx_word' id='word_1_116' title='bbox 1179 2004 1335 2066; x_wconf 65' lang='lat' dir='ltr'>‘securus</span> 
     </span>
     <span class='ocr_line' id='line_1_16' title="bbox 243 2107 1335 2192; baseline 0.001 -20"><span class='ocrx_word' id='word_1_117' title='bbox 243 2110 464 2190; x_wconf 88' lang='lat' dir='ltr'>computasset.</span> <span class='ocrx_word' id='word_1_118' title='bbox 514 2107 604 2173; x_wconf 87' lang='lat' dir='ltr'>Tune</span> <span class='ocrx_word' id='word_1_119' title='bbox 623 2114 691 2174; x_wconf 89' lang='lat' dir='ltr'>tam</span> <span class='ocrx_word' id='word_1_120' title='bbox 713 2108 894 2192; x_wconf 83' lang='lat' dir='ltr'>religiosum</span> <span class='ocrx_word' id='word_1_121' title='bbox 922 2113 1016 2191; x_wconf 86' lang='lat' dir='ltr'>putas</span> <span class='ocrx_word' id='word_1_122' title='bbox 1039 2113 1197 2176; x_wconf 89' lang='lat' dir='ltr'>omtorem</span> <span class='ocrx_word' id='word_1_123' title='bbox 1216 2113 1252 2174; x_wconf 90' lang='lat' dir='ltr'>ut</span> <span class='ocrx_word' id='word_1_124' title='bbox 1270 2125 1335 2189; x_wconf 90' lang='lat' dir='ltr'>quo</span> 
     </span>
     <span class='ocr_line' id='line_1_17' title="bbox 243 2217 1335 2301; baseline 0.002 -19"><span class='ocrx_word' id='word_1_125' title='bbox 243 2217 311 2284; x_wconf 90' lang='lat' dir='ltr'>looo</span> <span class='ocrx_word' id='word_1_126' title='bbox 334 2233 429 2297; x_wconf 87' lang='lat' dir='ltr'>quam</span> <span class='ocrx_word' id='word_1_127' title='bbox 449 2218 622 2284; x_wconf 90' lang='lat' dir='ltr'>maximum</span> <span class='ocrx_word' id='word_1_128' title='bbox 634 2217 775 2301; x_wconf 83' lang='lat' dir='ltr'>prolerre</span> <span class='ocrx_word' id='word_1_129' title='bbox 796 2237 961 2286; x_wconf 87' lang='lat' dir='ltr'>numerum</span> <span class='ocrx_word' id='word_1_130' title='bbox 978 2219 1151 2300; x_wconf 86' lang='lat' dir='ltr'>plurimum</span> <span class='ocrx_word' id='word_1_131' title='bbox 1173 2217 1335 2300; x_wconf 80' lang='lat' dir='ltr'>intererat,</span> 
     </span>
     <span class='ocr_line' id='line_1_18' title="bbox 243 2326 1338 2412; baseline -0.004 -18"><span class='ocrx_word' id='word_1_132' title='bbox 243 2327 270 2394; x_wconf 93' lang='lat' dir='ltr'>si</span> <span class='ocrx_word' id='word_1_133' title='bbox 301 2326 394 2408; x_wconf 87' lang='lat' dir='ltr'>pauci</span> <span class='ocrx_word' id='word_1_134' title='bbox 426 2327 493 2394; x_wconf 88' lang='lat' dir='ltr'>dies</span> <span class='ocrx_word' id='word_1_135' title='bbox 526 2327 736 2410; x_wconf 88' lang='lat' dir='ltr'>quinquennio</span> <span class='ocrx_word' id='word_1_136' title='bbox 768 2329 892 2410; x_wconf 84' lang='lat' dir='ltr'>integro</span> <span class='ocrx_word' id='word_1_137' title='bbox 914 2329 1068 2412; x_wconf 81' lang='lat' dir='ltr'>deessent,</span> <span class='ocrx_word' id='word_1_138' title='bbox 1104 2327 1160 2396; x_wconf 92' lang='lat' dir='ltr'>tibi</span> <span class='ocrx_word' id='word_1_139' title='bbox 1191 2327 1338 2394; x_wconf 70' lang='lat' dir='ltr'>enorme</span> 
     </span>
     <span class='ocr_line' id='line_1_19' title="bbox 244 2435 1338 2516; baseline 0 -14"><span class='ocrx_word' id='word_1_140' title='bbox 244 2435 485 2516; x_wconf 79' lang='lat' dir='ltr'>quadriennium</span> <span class='ocrx_word' id='word_1_141' title='bbox 515 2435 657 2504; x_wconf 88' lang='lat' dir='ltr'>dicturus</span> <span class='ocrx_word' id='word_1_142' title='bbox 678 2436 805 2505; x_wconf 81' lang='lat' dir='ltr'>luisse?</span> <span class='ocrx_word' id='word_1_143' title='bbox 840 2438 1000 2506; x_wconf 88' lang='lat' dir='ltr'>Blassium</span> <span class='ocrx_word' id='word_1_144' title='bbox 1019 2435 1213 2506; x_wconf 78' lang='lat' dir='ltr'>corbariam</span> <span class='ocrx_word' id='word_1_145' title='bbox 1234 2436 1338 2502; x_wconf 83' lang='lat' dir='ltr'>Krus·</span> 
     </span>
    </p>
   </div>
   <div class='ocr_carea' id='block_1_7' title="bbox 159 2551 651 2629">
    <p class='ocr_par' dir='ltr' id='par_1_7' title="bbox 159 2551 651 2629">
     <span class='ocr_line' id='line_1_20' title="bbox 159 2551 651 2629; baseline -0.002 -15"><span class='ocrx_word' id='word_1_146' title='bbox 159 2551 163 2560; x_wconf 89' lang='lat'>&#39;</span> <span class='ocrx_word' id='word_1_147' title='bbox 244 2563 320 2628; x_wconf 82' lang='lat' dir='ltr'>gero</span> <span class='ocrx_word' id='word_1_148' title='bbox 341 2563 487 2628; x_wconf 76' lang='lat' dir='ltr'>peccasse</span> <span class='ocrx_word' id='word_1_149' title='bbox 509 2554 651 2629; x_wconf 85' lang='lat' dir='ltr'>apparet.</span> 
     </span>
    </p>
   </div>
   <div class='ocr_carea' id='block_1_8' title="bbox 163 2648 1342 2848">
    <p class='ocr_par' dir='ltr' id='par_1_8' title="bbox 163 2648 1342 2848">
     <span class='ocr_line' id='line_1_21' title="bbox 329 2648 1342 2742; baseline -0.002 -22"><span class='ocrx_word' id='word_1_150' title='bbox 329 2653 452 2722; x_wconf 80' lang='lat' dir='ltr'>Deinde</span> <span class='ocrx_word' id='word_1_151' title='bbox 469 2658 507 2721; x_wconf 86' lang='lat' dir='ltr'>ut</span> <span class='ocrx_word' id='word_1_152' title='bbox 518 2656 661 2722; x_wconf 78' lang='lat' dir='ltr'>omitum</span> <span class='ocrx_word' id='word_1_153' title='bbox 676 2651 735 2742; x_wconf 75' lang='grc' dir='ltr'>τὴν</span> <span class='ocrx_word' id='word_1_154' title='bbox 748 2652 856 2741; x_wconf 79' lang='grc' dir='ltr'><strong><em>χώραν</em></strong></span> <span class='ocrx_word' id='word_1_155' title='bbox 867 2648 906 2723; x_wconf 81' lang='grc' dir='ltr'>οὗ</span> <span class='ocrx_word' id='word_1_156' title='bbox 928 2656 1125 2739; x_wconf 81' lang='grc' dir='ltr'><strong><em>παρέχουσιν</em></strong></span> <span class='ocrx_word' id='word_1_157' title='bbox 1139 2654 1342 2739; x_wconf 76' lang='grc' dir='ltr'><strong><em>ἐμπολεμεῖν</em></strong></span> 
     </span>
     <span class='ocr_line' id='line_1_22' title="bbox 163 2763 1342 2848; baseline -0.003 -16"><span class='ocrx_word' id='word_1_158' title='bbox 163 2804 171 2812; x_wconf 88' lang='grc'><strong>-</strong></span> <span class='ocrx_word' id='word_1_159' title='bbox 245 2765 342 2834; x_wconf 86' lang='lat' dir='ltr'>verba</span> <span class='ocrx_word' id='word_1_160' title='bbox 363 2764 448 2846; x_wconf 80' lang='lat' dir='ltr'>agris</span> <span class='ocrx_word' id='word_1_161' title='bbox 476 2781 559 2832; x_wconf 88' lang='lat' dir='ltr'>anno</span> <span class='ocrx_word' id='word_1_162' title='bbox 580 2766 791 2848; x_wconf 82' lang='lat' dir='ltr'>praecedente</span> <span class='ocrx_word' id='word_1_163' title='bbox 811 2768 944 2834; x_wconf 88' lang='lat' dir='ltr'>vastatis</span> <span class='ocrx_word' id='word_1_164' title='bbox 965 2766 1048 2832; x_wconf 81' lang='lat' dir='ltr'>falsa</span> <span class='ocrx_word' id='word_1_165' title='bbox 1069 2783 1147 2845; x_wconf 87' lang='lat' dir='ltr'>esse,</span> <span class='ocrx_word' id='word_1_166' title='bbox 1181 2764 1256 2830; x_wconf 86' lang='lat' dir='ltr'>anni</span> <span class='ocrx_word' id='word_1_167' title='bbox 1277 2763 1342 2828; x_wconf 77' lang='lat'>390</span> 
     </span>
    </p>
   </div>
   <div class='ocr_carea' id='block_1_9' title="bbox 153 2873 1342 2955">
    <p class='ocr_par' dir='ltr' id='par_1_9' title="bbox 153 2873 1342 2955">
     <span class='ocr_line' id='line_1_23' title="bbox 153 2873 1342 2955; baseline -0.004 -13"><span class='ocrx_word' id='word_1_168' title='bbox 153 2888 156 2895; x_wconf 80' lang='grc'>’</span> <span class='ocrx_word' id='word_1_169' title='bbox 245 2880 367 2942; x_wconf 86' lang='lat' dir='ltr'>aestate</span> <span class='ocrx_word' id='word_1_170' title='bbox 388 2873 599 2942; x_wconf 82' lang='lat' dir='ltr'>Athenienses</span> <span class='ocrx_word' id='word_1_171' title='bbox 629 2894 700 2943; x_wconf 87' lang='lat' dir='ltr'>cum</span> <span class='ocrx_word' id='word_1_172' title='bbox 721 2875 976 2942; x_wconf 84' lang='lat' dir='ltr'>Lacedaemoniis</span> <span class='ocrx_word' id='word_1_173' title='bbox 1008 2892 1117 2955; x_wconf 89' lang='lat' dir='ltr'>pacem</span> <span class='ocrx_word' id='word_1_174' title='bbox 1140 2873 1244 2940; x_wconf 81' lang='lat' dir='ltr'>lacere</span> <span class='ocrx_word' id='word_1_175' title='bbox 1269 2877 1342 2939; x_wconf 75' lang='lat' dir='ltr'>stu·</span> 
     </span>
    </p>
   </div>
   <div class='ocr_carea' id='block_1_10' title="bbox 244 2981 1344 3296">
    <p class='ocr_par' dir='ltr' id='par_1_10' title="bbox 244 2981 1344 3296">
     <span class='ocr_line' id='line_1_24' title="bbox 244 2981 1342 3066; baseline -0.007 -12"><span class='ocrx_word' id='word_1_176' title='bbox 244 2984 440 3054; x_wconf 86' lang='lat' dir='ltr'>duissemihi</span> <span class='ocrx_word' id='word_1_177' title='bbox 462 2983 529 3050; x_wconf 84' lang='lat' dir='ltr'>ueri</span> <span class='ocrx_word' id='word_1_178' title='bbox 543 2985 646 3050; x_wconf 90' lang='lat' dir='ltr'>simile</span> <span class='ocrx_word' id='word_1_179' title='bbox 666 3003 728 3052; x_wconf 90' lang='lat' dir='ltr'>non</span> <span class='ocrx_word' id='word_1_180' title='bbox 748 2985 883 3062; x_wconf 85' lang='lat' dir='ltr'>videtur,</span> <span class='ocrx_word' id='word_1_181' title='bbox 907 3001 977 3048; x_wconf 90' lang='lat' dir='ltr'>cum</span> <span class='ocrx_word' id='word_1_182' title='bbox 999 2982 1057 3048; x_wconf 90' lang='lat' dir='ltr'>hoo</span> <span class='ocrx_word' id='word_1_183' title='bbox 1070 2983 1139 3064; x_wconf 90' lang='lat' dir='ltr'>lpso</span> <span class='ocrx_word' id='word_1_184' title='bbox 1158 2981 1342 3066; x_wconf 71' lang='lat' dir='ltr'>tcm&#39;pore2)</span> 
     </span>
     <span class='ocr_line' id='line_1_25' title="bbox 244 3091 1344 3177; baseline -0.005 -17"><span class='ocrx_word' id='word_1_185' title='bbox 244 3094 473 3177; x_wconf 83' lang='lat' dir='ltr'>quinquaginta</span> <span class='ocrx_word' id='word_1_186' title='bbox 503 3111 599 3161; x_wconf 87' lang='lat' dir='ltr'>naves</span> <span class='ocrx_word' id='word_1_187' title='bbox 628 3097 795 3160; x_wconf 88' lang='lat' dir='ltr'>extructae</span> <span class='ocrx_word' id='word_1_188' title='bbox 822 3097 936 3172; x_wconf 87' lang='lat' dir='ltr'>essent,</span> <span class='ocrx_word' id='word_1_189' title='bbox 967 3109 1102 3174; x_wconf 84' lang='lat' dir='ltr'>quarum</span> <span class='ocrx_word' id='word_1_190' title='bbox 1124 3091 1344 3173; x_wconf 86' lang='lat' dir='ltr'>quodraginta</span> 
     </span>
     <span class='ocr_line' id='line_1_26' title="bbox 246 3189 1343 3296; baseline -0.005 -26"><span class='ocrx_word' id='word_1_191' title='bbox 246 3201 442 3288; x_wconf 77' lang='lat' dir='ltr'>Thrasybulo</span> <span class='ocrx_word' id='word_1_192' title='bbox 465 3189 544 3269; x_wconf 79' lang='lat' dir='ltr'>dice</span> <span class='ocrx_word' id='word_1_193' title='bbox 566 3204 598 3269; x_wconf 93' lang='lat' dir='ltr'>in</span> <span class='ocrx_word' id='word_1_194' title='bbox 628 3204 707 3268; x_wconf 90' lang='lat' dir='ltr'>mari</span> <span class='ocrx_word' id='word_1_195' title='bbox 729 3201 863 3270; x_wconf 81' lang='lat' dir='ltr'>Thracio</span> <span class='ocrx_word' id='word_1_196' title='bbox 886 3201 989 3296; x_wconf 88' lang='lat' dir='ltr'>multa</span> <span class='ocrx_word' id='word_1_197' title='bbox 1018 3200 1152 3268; x_wconf 75' lang='lat' dir='ltr'>feliciter</span> <span class='ocrx_word' id='word_1_198' title='bbox 1176 3200 1343 3282; x_wconf 72' lang='lat' dir='ltr'>gerebant,</span> 
     </span>
    </p>
   </div>
   <div class='ocr_carea' id='block_1_11' title="bbox 119 3308 1347 3396">
    <p class='ocr_par' dir='ltr' id='par_1_11' title="bbox 119 3308 1347 3396">
     <span class='ocr_line' id='line_1_27' title="bbox 119 3308 1347 3396; baseline -0.006 -16"><span class='ocrx_word' id='word_1_199' title='bbox 119 3357 123 3366; x_wconf 82' lang='lat'>-</span> <span class='ocrx_word' id='word_1_200' title='bbox 245 3313 353 3392; x_wconf 84' lang='lat' dir='ltr'>decem</span> <span class='ocrx_word' id='word_1_201' title='bbox 369 3312 535 3393; x_wconf 82' lang='lat' dir='ltr'>Euagorae</span> <span class='ocrx_word' id='word_1_202' title='bbox 551 3311 665 3396; x_wconf 83' lang='lat' dir='ltr'>Cyprio</span> <span class='ocrx_word' id='word_1_203' title='bbox 687 3310 807 3376; x_wconf 84' lang='lat' dir='ltr'>auxdio</span> <span class='ocrx_word' id='word_1_204' title='bbox 827 3309 942 3377; x_wconf 90' lang='lat' dir='ltr'>missae</span> <span class='ocrx_word' id='word_1_205' title='bbox 959 3314 1059 3394; x_wconf 76' lang='lat' dir='ltr'>erant,</span> <span class='ocrx_word' id='word_1_206' title='bbox 1081 3311 1116 3375; x_wconf 85' lang='lat' dir='ltr'>et</span> <span class='ocrx_word' id='word_1_207' title='bbox 1135 3309 1167 3374; x_wconf 89' lang='lat' dir='ltr'>in</span> <span class='ocrx_word' id='word_1_208' title='bbox 1189 3308 1252 3374; x_wconf 59' lang='lat' dir='ltr'>hoo*</span> <span class='ocrx_word' id='word_1_209' title='bbox 1269 3308 1347 3387; x_wconf 80' lang='lat' dir='ltr'>ipsa</span> 
     </span>
    </p>
   </div>
   <div class='ocr_carea' id='block_1_12' title="bbox 248 3415 1353 4396">
    <p class='ocr_par' dir='ltr' id='par_1_12' title="bbox 251 3415 1347 3504">
     <span class='ocr_line' id='line_1_28' title="bbox 251 3415 1347 3504; baseline -0.005 -16"><span class='ocrx_word' id='word_1_210' title='bbox 251 3421 452 3503; x_wconf 83' lang='lat' dir='ltr'>expeditione</span> <span class='ocrx_word' id='word_1_211' title='bbox 483 3421 618 3504; x_wconf 88' lang='lat' dir='ltr'>populus</span> <span class='ocrx_word' id='word_1_212' title='bbox 649 3437 781 3503; x_wconf 84' lang='lat' dir='ltr'>magnas</span> <span class='ocrx_word' id='word_1_213' title='bbox 802 3421 942 3503; x_wconf 84' lang='lat' dir='ltr'>posuisse</span> <span class='ocrx_word' id='word_1_214' title='bbox 973 3437 1045 3503; x_wconf 91' lang='lat' dir='ltr'>spes</span> <span class='ocrx_word' id='word_1_215' title='bbox 1060 3420 1192 3486; x_wconf 79' lang='lat' dir='ltr'>uidetur</span> <span class='ocrx_word' id='word_1_216' title='bbox 1201 3419 1235 3500; x_wconf 83' lang='lat'>³).</span> <span class='ocrx_word' id='word_1_217' title='bbox 1277 3415 1347 3483; x_wconf 81' lang='lat' dir='ltr'>sed</span> 
     </span>
    </p>

    <p class='ocr_par' dir='ltr' id='par_1_13' title="bbox 248 3610 1349 3777">
     <span class='ocr_line' id='line_1_29' title="bbox 349 3610 1349 3695; baseline -0.003 -27"><span class='ocrx_word' id='word_1_218' title='bbox 349 3614 375 3684; x_wconf 94' lang='lat' dir='ltr'>l)</span> <span class='ocrx_word' id='word_1_219' title='bbox 398 3613 472 3684; x_wconf 92' lang='lat' dir='ltr'>quod</span> <span class='ocrx_word' id='word_1_220' title='bbox 491 3630 558 3670; x_wconf 86' lang='lat' dir='ltr'>num</span> <span class='ocrx_word' id='word_1_221' title='bbox 570 3617 646 3695; x_wconf 71' lang='lat' dir='ltr'>recte</span> <span class='ocrx_word' id='word_1_222' title='bbox 664 3614 768 3670; x_wconf 87' lang='lat' dir='ltr'>dietum</span> <span class='ocrx_word' id='word_1_223' title='bbox 787 3613 832 3682; x_wconf 85' lang='lat' dir='ltr'>sit,</span> <span class='ocrx_word' id='word_1_224' title='bbox 850 3613 875 3669; x_wconf 87' lang='lat' dir='ltr'>si</span> <span class='ocrx_word' id='word_1_225' title='bbox 891 3612 1003 3684; x_wconf 80' lang='lat' dir='ltr'>quidem</span> <span class='ocrx_word' id='word_1_226' title='bbox 1020 3611 1088 3668; x_wconf 89' lang='lat' dir='ltr'>belli</span> <span class='ocrx_word' id='word_1_227' title='bbox 1105 3612 1217 3668; x_wconf 87' lang='lat' dir='ltr'>initium</span> <span class='ocrx_word' id='word_1_228' title='bbox 1228 3610 1349 3670; x_wconf 82' lang='lat' dir='ltr'>asocie·</span> 
     </span>
     <span class='ocr_line' id='line_1_30' title="bbox 248 3699 1146 3777; baseline -0.004 -19"><span class='ocrx_word' id='word_1_229' title='bbox 248 3707 388 3760; x_wconf 85' lang='lat' dir='ltr'>tetecum</span> <span class='ocrx_word' id='word_1_230' title='bbox 407 3699 621 3758; x_wconf 78' lang='lat' dir='ltr'>Atheniensibus</span> <span class='ocrx_word' id='word_1_231' title='bbox 639 3699 709 3757; x_wconf 89' lang='lat' dir='ltr'>inita</span> <span class='ocrx_word' id='word_1_232' title='bbox 726 3701 885 3774; x_wconf 81' lang='lat' dir='ltr'>repetimus,</span> <span class='ocrx_word' id='word_1_233' title='bbox 904 3699 1028 3755; x_wconf 85' lang='lat' dir='ltr'>dubitari</span> <span class='ocrx_word' id='word_1_234' title='bbox 1045 3703 1146 3777; x_wconf 70' lang='lat' dir='ltr'>potest.</span> 
     </span>
    </p>

    <p class='ocr_par' dir='ltr' id='par_1_14' title="bbox 348 3788 978 3860">
     <span class='ocr_line' id='line_1_31' title="bbox 348 3788 978 3860; baseline -0.002 -16"><span class='ocrx_word' id='word_1_235' title='bbox 348 3791 375 3859; x_wconf 83' lang='lat'>2)</span> <span class='ocrx_word' id='word_1_236' title='bbox 393 3789 428 3846; x_wconf 86' lang='lat' dir='ltr'>of.</span> <span class='ocrx_word' id='word_1_237' title='bbox 447 3788 623 3860; x_wconf 81' lang='lat' dir='ltr'>Frohberger</span> <span class='ocrx_word' id='word_1_238' title='bbox 641 3791 670 3845; x_wconf 89' lang='lat' dir='ltr'>in</span> <span class='ocrx_word' id='word_1_239' title='bbox 686 3789 756 3846; x_wconf 89' lang='lat' dir='ltr'>Phil.</span> <span class='ocrx_word' id='word_1_240' title='bbox 774 3807 802 3845; x_wconf 83' lang='lat' dir='ltr'>v.</span> <span class='ocrx_word' id='word_1_241' title='bbox 821 3793 862 3852; x_wconf 84' lang='lat'>17,</span> <span class='ocrx_word' id='word_1_242' title='bbox 880 3789 933 3845; x_wconf 84' lang='grc'>439</span> <span class='ocrx_word' id='word_1_243' title='bbox 951 3807 978 3843; x_wconf 92' lang='lat' dir='ltr'>n.</span> 
     </span>
    </p>

    <p class='ocr_par' dir='ltr' id='par_1_15' title="bbox 250 3874 1353 4396">
     <span class='ocr_line' id='line_1_32' title="bbox 348 3874 1349 3950; baseline -0.002 -18"><span class='ocrx_word' id='word_1_244' title='bbox 348 3878 376 3948; x_wconf 75' lang='grc' dir='ltr'>Β)</span> <span class='ocrx_word' id='word_1_245' title='bbox 393 3895 462 3948; x_wconf 88' lang='lat' dir='ltr'>quas</span> <span class='ocrx_word' id='word_1_246' title='bbox 487 3893 550 3932; x_wconf 86' lang='lat' dir='ltr'>cum</span> <span class='ocrx_word' id='word_1_247' title='bbox 575 3895 659 3933; x_wconf 87' lang='lat' dir='ltr'>vanas</span> <span class='ocrx_word' id='word_1_248' title='bbox 680 3879 766 3934; x_wconf 78' lang='lat' dir='ltr'>fuisse</span> <span class='ocrx_word' id='word_1_249' title='bbox 794 3882 894 3950; x_wconf 87' lang='lat' dir='ltr'>postea</span> <span class='ocrx_word' id='word_1_250' title='bbox 920 3880 1084 3948; x_wconf 84' lang='lat' dir='ltr'>appareret,</span> <span class='ocrx_word' id='word_1_251' title='bbox 1113 3875 1284 3932; x_wconf 85' lang='lat' dir='ltr'>severissime</span> <span class='ocrx_word' id='word_1_252' title='bbox 1313 3874 1349 3930; x_wconf 89' lang='lat' dir='ltr'>in</span> 
     </span>
     <span class='ocr_line' id='line_1_33' title="bbox 250 3959 1350 4037; baseline -0.002 -17"><span class='ocrx_word' id='word_1_253' title='bbox 250 3965 435 4037; x_wconf 83' lang='lat' dir='ltr'>expeditionis</span> <span class='ocrx_word' id='word_1_254' title='bbox 454 3970 582 4021; x_wconf 84' lang='lat' dir='ltr'>auctores</span> <span class='ocrx_word' id='word_1_255' title='bbox 601 3967 825 4023; x_wconf 85' lang='lat' dir='ltr'>animadversum</span> <span class='ocrx_word' id='word_1_256' title='bbox 844 3970 897 4036; x_wconf 85' lang='lat' dir='ltr'>est,</span> <span class='ocrx_word' id='word_1_257' title='bbox 924 3966 960 4021; x_wconf 84' lang='lat' dir='ltr'>oi.</span> <span class='ocrx_word' id='word_1_258' title='bbox 979 3965 1082 4022; x_wconf 80' lang='lat' dir='ltr'>Frohb</span> <span class='ocrx_word' id='word_1_259' title='bbox 1101 3959 1204 4020; x_wconf 84' lang='lat' dir='ltr'>introd.</span> <span class='ocrx_word' id='word_1_260' title='bbox 1223 3964 1259 4019; x_wconf 84' lang='lat' dir='ltr'>ad</span> <span class='ocrx_word' id='word_1_261' title='bbox 1276 3963 1350 4034; x_wconf 80' lang='lat' dir='ltr'>Lys.</span> 
     </span>
     <span class='ocr_line' id='line_1_34' title="bbox 250 4049 1350 4124; baseline -0.002 -18"><span class='ocrx_word' id='word_1_262' title='bbox 250 4057 321 4108; x_wconf 84' lang='lat' dir='ltr'>orat.</span> <span class='ocrx_word' id='word_1_263' title='bbox 342 4053 383 4114; x_wconf 83' lang='lat' dir='ltr'>le.</span> <span class='ocrx_word' id='word_1_264' title='bbox 401 4058 416 4117; x_wconf 70' lang='grc'><strong>5</strong></span> <span class='ocrx_word' id='word_1_265' title='bbox 433 4055 461 4118; x_wconf 75' lang='grc'>4,</span> <span class='ocrx_word' id='word_1_266' title='bbox 478 4069 509 4122; x_wconf 89' lang='lat' dir='ltr'>p.·</span> <span class='ocrx_word' id='word_1_267' title='bbox 526 4054 578 4108; x_wconf 78' lang='lat' dir='ltr'>ato</span> <span class='ocrx_word' id='word_1_268' title='bbox 596 4053 639 4108; x_wconf 87' lang='lat' dir='ltr'>sd.</span> <span class='ocrx_word' id='word_1_269' title='bbox 657 4055 732 4122; x_wconf 79' lang='lat' dir='ltr'>min,</span> <span class='ocrx_word' id='word_1_270' title='bbox 763 4055 810 4124; x_wconf 89' lang='lat' dir='ltr'>qui</span> <span class='ocrx_word' id='word_1_271' title='bbox 827 4053 888 4109; x_wconf 88' lang='lat' dir='ltr'>fieri</span> <span class='ocrx_word' id='word_1_272' title='bbox 907 4069 964 4108; x_wconf 87' lang='lat' dir='ltr'>non</span> <span class='ocrx_word' id='word_1_273' title='bbox 981 4069 1062 4124; x_wconf 83' lang='lat' dir='ltr'>posse</span> <span class='ocrx_word' id='word_1_274' title='bbox 1080 4057 1112 4107; x_wconf 89' lang='lat' dir='ltr'>ut</span> <span class='ocrx_word' id='word_1_275' title='bbox 1128 4052 1274 4108; x_wconf 84' lang='lat' dir='ltr'>credamus</span> <span class='ocrx_word' id='word_1_276' title='bbox 1291 4049 1350 4106; x_wconf 82' lang='lat' dir='ltr'>Ni·</span> 
     </span>
     <span class='ocr_line' id='line_1_35' title="bbox 251 4139 1351 4213; baseline -0.004 -17"><span class='ocrx_word' id='word_1_277' title='bbox 251 4141 415 4212; x_wconf 76' lang='lat' dir='ltr'>oophem&#39;nm</span> <span class='ocrx_word' id='word_1_278' title='bbox 442 4141 556 4212; x_wconf 86' lang='lat' dir='ltr'>eiusque</span> <span class='ocrx_word' id='word_1_279' title='bbox 585 4141 673 4198; x_wconf 86' lang='lat' dir='ltr'>illium</span> <span class='ocrx_word' id='word_1_280' title='bbox 696 4141 911 4212; x_wconf 79' lang='lat' dir='ltr'>Aristophanem</span> <span class='ocrx_word' id='word_1_281' title='bbox 938 4143 1037 4213; x_wconf 84' lang='lat' dir='ltr'>capitis</span> <span class='ocrx_word' id='word_1_282' title='bbox 1063 4142 1200 4212; x_wconf 84' lang='lat' dir='ltr'>supplicio</span> <span class='ocrx_word' id='word_1_283' title='bbox 1226 4139 1351 4196; x_wconf 80' lang='lat' dir='ltr'>affectos</span> 
     </span>
     <span class='ocr_line' id='line_1_36' title="bbox 251 4223 1353 4301; baseline -0.003 -18"><span class='ocrx_word' id='word_1_284' title='bbox 251 4245 312 4284; x_wconf 78' lang='lat' dir='ltr'>erse</span> <span class='ocrx_word' id='word_1_285' title='bbox 334 4226 416 4297; x_wconf 84' lang='lat' dir='ltr'>Gypri</span> <span class='ocrx_word' id='word_1_286' title='bbox 437 4228 653 4287; x_wconf 79' lang='lat' dir='ltr'>luculentissime</span> <span class='ocrx_word' id='word_1_287' title='bbox 680 4231 896 4301; x_wconf 81' lang='lat' dir='ltr'>domonstravit3</span> <span class='ocrx_word' id='word_1_288' title='bbox 926 4229 976 4286; x_wconf 81' lang='lat' dir='ltr'>ssd</span> <span class='ocrx_word' id='word_1_289' title='bbox 1007 4232 1106 4285; x_wconf 85' lang='lat' dir='ltr'>eontra</span> <span class='ocrx_word' id='word_1_290' title='bbox 1131 4227 1238 4283; x_wconf 80' lang='lat' dir='ltr'>viride</span> <span class='ocrx_word' id='word_1_291' title='bbox 1257 4223 1353 4295; x_wconf 76' lang='lat' dir='ltr'>Lysia</span> 
     </span>
     <span class='ocr_line' id='line_1_37' title="bbox 252 4312 1353 4396; baseline -0.003 -25"><span class='ocrx_word' id='word_1_292' title='bbox 252 4315 357 4388; x_wconf 85' lang='lat' dir='ltr'>optime</span> <span class='ocrx_word' id='word_1_293' title='bbox 370 4313 464 4372; x_wconf 85' lang='lat' dir='ltr'>meriti</span> <span class='ocrx_word' id='word_1_294' title='bbox 480 4318 646 4378; x_wconf 84' lang='lat' dir='ltr'>sententiam</span> <span class='ocrx_word' id='word_1_295' title='bbox 656 4317 772 4378; x_wconf 76' lang='lat' dir='ltr'>Athenis</span> <span class='ocrx_word' id='word_1_296' title='bbox 788 4323 930 4396; x_wconf 82' lang='lat' dir='ltr'>sumptum</span> <span class='ocrx_word' id='word_1_297' title='bbox 947 4333 1008 4378; x_wconf 78' lang='lat' dir='ltr'>esre</span> <span class='ocrx_word' id='word_1_298' title='bbox 1020 4312 1185 4391; x_wconf 76' lang='lat' dir='ltr'>supplicium</span> <span class='ocrx_word' id='word_1_299' title='bbox 1198 4312 1353 4371; x_wconf 73' lang='lat' dir='ltr'>Rusonem-</span> 
     </span>
    </p>
   </div>
   <div class='ocr_carea' id='block_1_13' title="bbox 0 0 1469 4906">
    <p class='ocr_par' dir='ltr' id='par_1_16' title="bbox 0 0 1469 4906">
     <span class='ocr_line' id='line_1_38' title="bbox 0 0 1469 4906; baseline 0 0"><span class='ocrx_word' id='word_1_300' title='bbox 0 0 1469 4906; x_wconf 95' lang='lat' dir='ltr'> </span> 
     </span>
    </p>
   </div>
  </div>
 </body>
</html>
