2894 4906
672 407 710 468 31

213 619 215 624 ’
243 590 360 656 Andod.
391 593 417 666 1,
443 593 509 654 127.
532 583 616 670 μετὰ
646 576 749 654 τοῦτο
770 587 887 666 τοίνυν,
911 573 939 651 oi
960 577 1084 671 ἄνδρες,
1111 581 1237 672 ὑστέρῳ

146 691 387 783 πόλινχρόνῳ.
410 733 446 745 -
471 697 612 764 Blessius
640 699 793 765 adnotat:
829 699 956 779 „malim
978 691 1116 780 ὕστερον
1140 689 1240 760 πάλιν

143 801 249 892 χρόνῳ
283 808 364 874 sieut
387 814 436 872 ost
456 811 485 890 2,
511 810 570 872 10“
599 809 745 890 —quud
777 809 838 876 etsi
860 814 952 891 'reete
973 808 1147 876 coniectum
1171 824 1240 872 esse

144 919 317 1000 putaveris,
354 917 533 1000 exemplum
569 923 678 984 tumen
708 919 869 987 conletum
894 917 1140 985 diversissimum
1171 933 1240 988 essee

145 1026 305 1105 uouendos,
326 1043 400 1093 nam
417 1030 499 1103 210
523 1026 659 1107 legitur:
682 1021 845 1111 ἐπειδὴδὲ
861 1020 967 1110 χρόνῳ
987 1019 1126 1107 ,ὕστερον
1139 1045 1241 1106 προς-

142 1133 227 1220 ῆίόὲ
256 1158 314 1217 μοι
349 1133 521 1216 ἐπιθυμία,
551 1153 615 1216 quo
635 1135 711 1218 qnid
733 1136 883 1202 usitatius
903 1133 1089 1202 invenitur?
1122 1132 1240 1200 Contra
1313 1203 1315 1212 A

142 1238 281 1327 ὕστερον
294 1237 399 1330 χρόνῳ
421 1261 496 1309 num
510 1250 595 1312 reete
617 1261 651 1311 so
671 1243 789 1311 habeat
810 1243 1035 1310 dubitaverunt
1053 1244 1113 1309 viri
1135 1242 1240 1322 doeti3

143 1354 272 1436 scripsit
284 1353 443 1440 Scheibius
466 1354 572 1436 (aione
594 1353 747 1432 adsensus
776 1359 825 1426 est
846 1354 968 1437 Kayser
988 1351 1019 1419 in
1038 1352 1143 1420 annai.
1165 1351 1241 1420 Hei·

143 1463 224 1530 d'elb.
246 1482 275 1529 a.
301 1467 380 1529 1861
402 1463 492 1545 edit.)
514 1465 547 1528 in
578 1449 677 1545 praei.
700 1465 768 1530 urit.
792 1463 833 1530 ad
854 1463 935 1530 leae.
958 1467 988 1540 6,
1009 1465 1048 1528 27
1071 1461 1116 1544 (ρ.
1137 1454 1240 1540 XXX)

143 1567 301 1656 ,ὕστερον
324 1555 445 1658 χρόνῳ]
468 1572 553 1638 haud
574 1569 668 1640 dubie
689 1572 886 1640 scribendum
909 1577 960 1640 est
979 1568 1103 1656 ὑστέρῳ
1124 1562 1240 1654 χρόνῳ,

53 1669 58 1678 ’
145 1702 241 1765 quam
264 1701 368 1750 meam
389 1681 601 1749 coniecturam
617 1683 758 1765 poenitet
779 1699 830 1747 me
851 1699 913 1747 non
935 1680 1158 1764 expressisset
1180 1677 1242 1744 Sed

143 1807 338 1873 quamquam
353 1796 481 1873 praeter
503 1792 606 1860 louum
619 1791 703 1858 Isaei
724 1789 808 1871 apud
829 1795 974 1856 oratones
993 1789 1115 1854 nullum
1137 1805 1241 1853 exam-

144 1901 232 1984 plum
254 1918 305 1968 me
321 1900 426 1980 legere
440 1898 575 1977 memini,
598 1889 671 1966 oum
684 1893 821 1981 ὕστερον
833 1892 941 1984 χρόνῳ
963 1899 1142 1964 inveniatur
1155 1895 1240 1980 apud

145 2005 242 2072 Theo.
268 2011 295 2087 1,
318 2009 346 2070 8.
361 2011 389 2088 3,
412 2011 460 2072 85.
485 2011 512 2086 6,
536 2012 556 2072 3
578 2008 661 2072 Ρ1ε1.1
681 2006 764 2090 legg.
787 2011 847 2072 867
872 2008 900 2070 A
920 1997 973 2088 (ed.
997 2007 1096 2072 Thuu.
1120 2010 1149 2084 5,
1173 2008 1237 2084 342

145 2116 232 2196 apud
244 2115 369 2181 Isaeum
382 2135 439 2182 cur
454 2121 612 2184 mutemus
625 2116 746 2182 nuliam
762 2115 852 2182 video
867 2133 1004 2182 oausam.
1025 2115 1136 2197 Neque
1166 2133 1240 2180 uero

144 2241 216 2288 oum
238 2230 422 2291 constanter
431 2223 498 2292 fere
523 2231 581 2290 out
598 2219 705 2310 χρόνῳ
726 2219 863 2306 ὕστερον
884 2229 943 2291 aut
956 2220 1080 2310 ὑστέρῳ
1101 2217 1208 2308 χρόνῳ
1217 2226 1240 2305 ¹)

144 2331 271 2398 dicatur
291 2351 361 2402 cum
372 2334 492 2400 Blessio
512 2336 697 2402 insolentem
715 2335 972 2417 compositionem
996 2335 1029 2400 in
1047 2331 1240 2400 Andocidem

143 2442 317 2510 inculcabo.

245 2551 306 2618 Sed
328 2554 432 2619 nescio
455 2571 494 2618 au
518 2554 606 2620 locus
626 2571 720 2635 quem
742 2553 883 2622 Blessius
904 2553 1046 2630 eontulit,
1081 2555 1113 2630 2,
1136 2556 1173 2615 10
1195 2550 1239 2615 vi·
1279 2566 1282 2588 ¹

146 2661 227 2726 tium
244 2663 457 2740 contraxerit;
480 2679 551 2726 nem
566 2664 625 2728 etsi
647 2681 710 2728 non
725 2664 752 2729 is
774 2681 844 2729 aum
866 2664 920 2745 qui
931 2680 1014 2731 -cum
1030 2659 1240 2726 Hennendeno

148 2769 220 2852 Lys
245 2773 291 2852 13,
317 2763 492 2852 δόσιερον
525 2789 702 2854 expungam
719 2771 755 2857 ²),
786 2772 828 2838 ibi
850 2777 957 2840 umen
977 2787 1048 2838 oum
1070 2771 1101 2836 iu
1124 2771 1243 2854 optimo

147 2879 231 2944 libro
246 2883 286 2943 A
298 2872 435 2962 ὕστερον
449 2881 481 2946 in
498 2882 640 2962 margine
654 2882 779 2963 legetur
793 2882 1012 2964 sententiaque
1030 2879 1124 2946 verbo
1138 2880 1243 2946 deleto

145 2992 269 3072 optima
297 2990 522 3072 verissimaque
543 2992 671 3069 existat,
705 2991 838 3073 margini
862 2987 992 3056 verbum
1014 2988 1102 3056 reddi
1122 2988 1242 3055 malim.

245 3099 361 3166 dodon.
388 3107 413 3179 l,
444 3104 511 3165 148.
545 3089 806 3184 ἀναμνησθέντες
843 3100 910 3162 τῶν
943 3093 1049 3182 ἔργον
1088 3095 1242 3180 νομίσατε

143 3203 185 3272 τὰ
208 3202 345 3290 σώματα
368 3199 475 3272 odida
497 3202 578 3290 ὁρᾶν
597 3203 798 3290 αἰτουμένων
824 3205 881 3296 ἐμὲ
906 3209 984 3289 παρ’
1006 3201 1098 3289 ὑμῶν
1126 3205 1242 3273 σῶσαι.

251 3355 275 3421 l)
293 3349 399 3419 ὑστέρῳ
415 3345 508 3421 χρόνῳ
527 3349 599 3405 And.
621 3349 728 3420 1,149;
757 3367 793 3405 ue
812 3351 873 3420 quis
892 3365 955 3404 oum
975 3345 1045 3421 μετὰ
1064 3350 1147 3403 ταῦτα
1164 3365 1244 3419 puae·

145 3439 230 3494 eadat
250 3438 305 3494 iooi
330 3437 468 3494 rationem
492 3433 630 3494 diversam
658 3455 718 3494 esee
741 3439 847 3506 eredat,
877 3438 1036 3496 meminerit
1057 3437 1142 3494 veiim
1166 3437 1242 3494 uon.

146 3529 192 3593 dn,
212 3527 246 3582 42
271 3525 342 3600 μετὰ
365 3527 504 3580 ‹id-rudae
524 3523 617 3598 χρόνῳ
638 3524 759 3599 ὕστερον,
789 3529 837 3584 sed
856 3528 934 3587 Dem,
951 3529 995 3597 20,
1009 3529 1048 3582 dn
1071 3523 1144 3598 μετὰ
1164 3525 1243 3582 ταῦθ’

146 3612 261 3684 ὕστερον
275 3609 370 3686 χρόνῳ
388 3614 500 3684 legitur,
520 3633 583 3672 eum
601 3620 769 3690 παμπληθεῖ
785 3622 924 3688 sequatur,
944 3616 1016 3672 siout
1034 3614 1108 3686 apud
1127 3613 1244 3684 Antiph.

146 3705 172 3772 5,
192 3705 224 3756 31
245 3698 359 3774 ὕστερον
375 3696 494 3773 ιοσοότῳ
509 3699 612 3776 χρόνῳ.

247 3791 274 3860 2)
292 3807 382 3860 neque
400 3795 432 3846 ut
449 3809 512 3846 eum
530 3791 679 3847 BenseIero
697 3793 781 3848 Isoor.
804 3795 846 3857 10,
867 3794 902 3848 26
918 3786 1012 3863 χρόνῳ
1031 3789 1106 3862 quod
1124 3789 1244 3846 Vrbiuas

147 3875 259 3932 addidit
273 3875 410 3947 deleatur,
429 3879 532 3935 suffieit
548 3883 743 3950 argumentum
763 3881 879 3952 „meiius
898 3881 978 3936 abest
994 3883 1113 3956 propter
1130 3893 1245 3949 sequeu-

147 3966 190 4020 tia
208 3971 271 4036 περὶ
289 3963 350 4026 mdc
366 3963 463 4030 αὐτοὺς
478 3963 612 4040 χρόνους“
630 3970 729 4040 (praed.
748 3969 822 4035 ΧΙΧ,
836 3971 877 4042 9);
896 3986 988 4024 nonne
1006 3970 1108 4024 mirum
1126 3967 1245 4024 eundem

149 4054 326 4110 Beuselernm
345 4054 467 4111 edidisse
487 4059 527 4124 15,
545 4060 579 4113 75
601 4059 696 4113 δοῦναι
722 4059 801 4125 δίκην
824 4056 891 4131 ὑμῖν
913 4055 963 4125 νην
984 4062 1127 4130 μεγίστην,
1144 4050 1202 4108 ἀλλ’
1220 4059 1244 4109 εί

148 4139 190 4213 μὴ
207 4137 337 4202 ιοιοόιοις
362 4148 428 4204 οίοις
445 4139 533 4205 οἰιόεὶς
557 4140 637 4207 ἄλλος
658 4147 704 4213 τῆς
720 4151 852 4218 μεγίστης
870 4151 963 4217 ισχεῒν
984 4149 1122 4218 τιμωρίας,
1150 4159 1243 4213 quam·

147 4242 230 4301 quam
253 4227 304 4298 ιήν
324 4237 462 4303 μεγίστην
484 4235 572 4290 verba
594 4235 623 4289 iu
641 4235 710 4290 Vrb.
732 4237 761 4290 in
785 4234 912 4307 margine
936 4234 1028 4304 posits
1044 4232 1129 4288 sunt'i
1145 4231 1241 4301 (inaer-

148 4319 245 4392 polata
262 4319 395 4376 videntur
411 4337 446 4376 ex
463 4322 543 4394 fidi.)
846 4333 852 4354 ⁵
