2894 4906
731 387 771 448 60

204 570 307 638 adfert
331 570 509 652 exemplum
538 575 640 651 neque
661 588 720 650 ego
743 588 793 636 mc
813 567 919 656 legc'rc
937 571 1074 638 memini.
1129 567 1230 648 Quam
1251 565 1294 634 ob

124 748 126 752 ,
205 699 270 746 rem
298 677 516 764 συμβέβληκεν
546 683 727 758 corruptum
752 683 841 744 ratus
873 680 988 745 conicio
1007 676 1293 764 ,συμβεβλημένας

206 790 253 854 ita
273 793 311 854 ut
328 780 426 864 αὐτὸς
444 823 482 834 -
507 781 608 871 ἑτέρῳ
624 785 885 870 συμβεβλημένας
907 786 965 853 sibi
984 788 1201 869 respondeant.
1227 785 1292 856 Sed

204 899 232 966 si
259 899 328 981 quis
353 896 568 982 σομβὲβληται
591 896 689 978 συλλ,
725 914 782 979 ego
815 915 876 961 non
913 897 1134 978 contradicam,
1164 915 1293 962 memor

204 1029 309 1070 -κεν
331 1010 478 1071 ολ-ται
488 1004 724 1070 terminationes
737 1005 860 1087 saepius
872 1003 1017 1072 confusas
1028 1023 1105 1086 esse,
1127 1005 1198 1071 vide
1208 1006 1293 1070 Alci-

202 1115 360 1182 damantis
371 1114 427 1194 qui
436 1112 537 1180 fertur
544 1113 654 1180 Vlixes
666 1118 693 1190 7,
706 1112 758 1178 ubi
770 1105 1021 1200 ὑφῄρηταιΑΒ,
1035 1106 1196 1200 ὕφῄρηκεν
1206 1114 1289 1195 volg.

302 1226 394 1304 6,14
418 1211 438 1307 ἢ
469 1220 680 1306 ἐγγυηθεῖσαν
714 1215 794 1286 κατὰ
829 1215 929 1304 νόμον
966 1215 989 1306 ἢ
1020 1219 1292 1290 ἕποόικαοθεῖοαν

203 1334 301 1405 miror
315 1331 398 1412 quod
413 1349 504 1395 nemo
518 1337 590 1414 post
602 1329 851 1397 Schocmannum
866 1331 932 1396 cius
947 1333 1001 1412 qui
1024 1329 1159 1396 codicem
1171 1331 1292 1397 Vratis-

201 1441 372 1508 lavicnaem
401 1439 524 1522 scripsit
554 1441 775 1524 coniecturam,
810 1439 843 1504 in
865 1456 958 1519 quam
988 1439 1054 1521 ipse
1075 1439 1178 1521 incidi,
1208 1433 1292 1502 κατὰ

202 1544 259 1614 τὸν
280 1543 380 1631 νόμον
414 1547 548 1628 recepit;
584 1548 764 1613 coniectura
794 1547 918 1626 quidem
951 1551 1000 1627 esi
1022 1548 1077 1614 sed
1100 1565 1181 1628 quac
1210 1547 1291 1614 mihi

202 1657 351 1725 videatur·
368 1639 464 1736 σου,
487 1655 525 1720 ευ.
545 1659 577 1738 ο,
598 1659 648 1719 ου.
671 1660 698 1738 υ,
721 1659 749 1718 3.
777 1657 824 1720 12.
846 1659 894 1721 ευ.
919 1660 947 1737 τ,
969 1660 1018 1722 aa.
1041 1661 1070 1736 υ,
1094 1660 1142 1722 ου.
1168 1659 1214 1734 1ο,
1238 1661 1291 1720 12.

204 1773 235 1848 3,·
255 1771 306 1832 υτ.
328 1769 358 1847 9,
381 1765 447 1850 τι).
872 1791 887 1808 »
1307 1793 1310 1800 -

302 1881 329 1956 7,
354 1879 403 1941 29.
427 1871 554 1956 ἔχθρας,
569 1873 628 1957 μὲν
649 1873 788 1952 παλαιοῖς
811 1865 897 1960 αὐτῷ
919 1868 1004 1955 πρὸς
1024 1869 1161 1964 τούτους
1181 1864 1292 1960 ουὐης,

202 1985 312 2073 φιῖῖας
331 1981 366 2049 δὲ
392 1973 480 2066 πρὸς
501 1977 588 2077 ἡμᾶς
609 1981 663 2047 καῖ
692 1981 882 2068 συγγενείας.
938 1982 1027 2060 Quod
1048 1984 1195 2051 Reiskiu's
1218 2003 1291 2051 con·

201 2090 472 2178 ῖευίλσογγενείας
491 2089 544 2156 καὶ
565 2091 676 2179 φιλίας
689 2094 807 2159 rectius
827 2092 951 2158 videtur
966 2110 1062 2172 quam
1083 2095 1166 2174 quod
1184 2093 1292 2160 Schei-
1331 2171 1338 2184 ο

203 2204 272 2270 bins
302 2201 428 2282 scripsit
448 2192 622 2282 εὐμενείας,
663 2200 745 2279 quod
768 2200 807 2266 dc
827 2200 1004 2266 hominibus
1025 2201 1086 2267 dici
1106 2219 1167 2267 non
1191 2203 1291 2268 credi·

203 2310 312 2391 dcdm,
332 2309 370 2376 cf.
390 2308 465 2375 Cob,
489 2309 530 2375 ad
545 2308 627 2392 Hyp.
650 2312 729 2374 orat.
751 2307 816 2374 iun.
842 2311 889 2374 16.
911 2313 957 2374 19.
981 2309 1085 2376 Possis
1106 2300 1294 2395 εὐεργεσίας

203 2420 240 2488 ci.
266 2425 305 2486 36
336 2417 432 2511 φίλος
463 2416 516 2481 καὶ
538 2409 711 2546 εγεργετης,
746 2419 800 2483 scd
833 2419 903 2484 leci'
881 2424 925 2483 ilo
959 2419 1077 2488 tradita
1100 2419 1294 2489 defenditur

201 2531 269 2596 loco
289 2528 377 2594 Dein.
401 2531 449 2606 29,
473 2521 555 2591 65⁶
533 2520 647 2610 ω’σπερ
676 2511 824 2607 ἔχθιστοί
845 2549 937 2605 τινες,
969 2517 1038 2592 οῖλλι
1062 2550 1115 2592 ου
1123 2528 1213 2615 φίλοι
1235 2553 1296 2596 και

203 2640 363 2724 συγγενεῖς
384 2634 665 2723 καταλειφθέντες
1251 2665 1253 2676 ·

306 2751 334 2826 8,
358 2740 532 2812 8.ε’πειόοὶν
556 2743 591 2810 dc
623 2747 728 2810 ταῦτα·
742 2741 876 2832 φανερὰ
907 2740 1110 2832 καταστήσω,
1148 2742 1272 2812 τόθ’
1242 2773 1297 2828 ως

201 2856 255 2921 καὶ
268 2856 507 2941 κληρονομεῖν
551 2850 727 2938 μᾶλλον(
710 2858 787 2944 ημῖν
818 2879 836 2940 η
882 2858 1013 2922 τοῦτον
1010 2851 1186 2943 προςήκει
1223 2865 1297 2923 τοῖν

203 2964 354 3050 Κῖριουος
367 2958 556 3050 χρημάτων·
579 2949 715 3030 ὅθεν
677 2987 734 3030 ουν
752 2953 889 3050 ήρξαντο
904 2965 980 3048 περὶ
996 2957 1111 3056 αὐτῶν,
1136 2965 1298 3032 ἐντεῦθεν

103 3086 106 3090 ’
200 3071 282 3158 ὑμᾶς
303 3065 391 3159 κᾶγοὶ
411 3068 610 3156 πειράσομαι
626 3067 803 3146 διδάσκειν.
839 3075 909 3140 Non
931 3075 1032 3142 solum
1054 3093 1126 3141 cum
1146 3075 1296 3145 Scheibio

202 3177 224 3269 ἢ
242 3179 372 3260 τούτοις
404 3182 602 3250 scribendum
634 3200 702 3250 csse
735 3181 845 3250 c‘cnsco
867 3183 919 3266 (cf.
944 3189 993 3250 31.
1016 3189 1080 3264 48),
1112 3185 1166 3250 sed
1192 3185 1294 3252 eciam

202 3299 239 3360 ut
267 3283 354 3378 κάγώ
385 3293 477 3359 docet
500 3296 580 3372 ,post
602 3276 659 3356 οὖν
686 3292 895 3360 inserendum·
920 3276 1019 3374 οὗτοι,
1055 3293 1139 3373 quod
1173 3293 1296 3360 Schoe-

111 3434 114 3439 ·
203 3421 337 3470 maanus
351 3402 491 3468 ‘sensisse
511 3399 637 3468 videtur
659 3406 802 3470 vertens:
840 3401 909 3482 „ich
928 3401 1035 3480 ‚werde
1055 3401 1179 3480 dartun,
1215 3402 1297 3470 dass

205 3513 256 3578 ich
284 3512 334 3578 ain
366 3529 541 3592 grocsseres
564 3509 700 3590 lanrecht
725 3510 783 3576 aad
806 3509 864 3576 das
893 3528 1082 3593 vermoegcn
1108 3511 1163 3576 des
1189 3511 1297 3578 Kiron

203 3619 284 3686 habe
305 3620 353 3685 als
367 3620 467 3686 meina
481 3637 614 3702 gegner;
640 3635 746 3685 wovon
763 3637 828 3684 nun
847 3619 954 3686 dicae
968 3624 1075 3686 τουτου
1096 3618 1301 3701 gesprachen.

203 3727 326 3794 λαιοοοιι
351 3721 434 3795 ced'

188 3848 191 3852 ⁴
226 3908 230 3914 ,
305 3841 335 3921 8,
358 3843 407 3902 14.
428 3835 517 3914 τίνας
538 3818 630 3914 εἰκὸς
644 3835 762 3904 εἰδέναι
781 3833 822 3904 τοὶ
848 3831 992 3915 παλαιάς
1020 3835 1119 3922 ,δῆλον
1141 3829 1192 3902 ὅτι
1214 3839 1299 3918 τοὺς

204 3945 392 4030 χρωμένους·
410 3947 457 4031 τῷ
478 3939 627 4032 πάππῳ·
648 3939 910 4032 μεμαρτυρήκασι
937 3945 1046 4011 τοίνυν
1066 3935 1165 4034 ἀκοὴν
1187 3930 1297 4016 οὗτοι.

216 4147 218 4154 ·
307 4123 332 4190 1)
350 4137 413 4176 cum
432 4123 533 4192 ubique
557 4125 639 4178 otiam
668 4121 736 4176 κατὰ
756 4120 824 4182 ,τοὺς
857 4118 959 4195 νόμους
985 4125 1010 4190 2,
1032 4126 1054 4176 1.
1077 4121 1300 4183 2.·13.39.47.

204 4213 229 4280 3,
247 4213 274 4266 4.
292 4212 333 4265 ιο.
352 4213 394 4266 aa.
414 4213 456 4268 τε.
483 4213 509 4282 4,
529 4215 569 4268 ιι.
588 4213 672 4280 ουτ.
698 4213 723 4282 κ,
744 4215 769 4266 ι.
790 4214 831 4266 ιο.
850 4213 893 4266 ου.
921 4214 962 4280 11,
981 4213 1005 4265 ο.
1028 4212 1059 4274 ιο
1078 4210 1194 4281 legatur,
1213 4217 1301 4270 mco

189 4297 407 4379 βΒολιοουιοουαυ
424 4302 451 4367 8,
471 4301 505 4356 79
522 4300 670 4356 articulum
688 4300 813 4363 inscruit.
871 4337 884 4350 .
