2894 4906
650 396 689 458 59

124 579 296 646 rationibus
318 583 459 646 oratores
473 582 597 646 mutare
618 579 721 644 solent
735 583 937 660 structuram,
962 579 999 646 oi.
1014 585 1041 662 1,
1057 581 1106 646 25.
1119 585 1147 662 2
1162 585 1210 648 33.

127 695 175 768 10,
199 695 216 752 7
248 690 338 754 Dem.
364 691 413 769 57,
435 691 485 752 46.
529 687 657 754 Accedit
686 687 769 767 quod
794 685 844 752 ἔτι
878 687 914 753 δὲ
939 695 1010 771 post
1041 685 1091 756 ἔτι
1111 689 1148 756 δέ
1168 724 1210 740 -κ

16 815 22 827 ’
123 793 209 880 πρὸς
230 797 265 862 δὲ
284 789 415 873 τούτοις
435 814 498 861 nou
519 796 599 861 bene
619 797 774 878 repetitur
787 795 821 878 ¹).
863 796 924 864 Sed
948 800 1102 880 quomodo
1123 801 1210 867 loeus
1286 863 1289 870 .

126 906 328 989 corrigendus
348 907 391 972 sit
411 906 556 988 ambigo:
590 905 724 986 cogitavi
740 907 788 972 tie
811 907 958 972 extremis
977 907 1080 974 verbis
1102 910 1210 976 delen-

123 1016 180 1096 dis,
202 1033 272 1081 oum
288 1015 364 1080 nihil
379 1015 445 1080 iere
457 1015 529 1080 novi
542 1014 689 1097 addatur,
712 1014 767 1081 sed
782 1015 911 1080 obstant
922 1016 1019 1082 verba
1040 1001 1209 1106 ᾗμάλισδ’

124 1108 220 1201 οὗτος
241 1120 432 1206 ἰσχυρίζεται
455 1141 537 1204 quae
561 1123 616 1204 qui
641 1127 712 1189 orta
734 1123 797 1189 sint
816 1141 877 1188 non
898 1124 996 1203 video,
1029 1144 1111 1192 nuno
1132 1132 1210 1208 puio

122 1234 155 1298 in
174 1227 238 1297 ἔτι
269 1232 367 1302 latere
400 1225 615 1296 ἐπιδεικνύναι
647 1231 778 1296 verbum
801 1232 852 1296 vel
882 1229 1098 1314 ἐπιδείξαντας
1131 1235 1210 1315 (scil.

123 1325 227 1424 οὗτοι)
249 1341 300 1406 vel
323 1337 544 1419 ἐπιδείξαντας
572 1334 759 1422 (μάρτυρας)
780 1337 890 1405 δὲκαὶ
914 1342 963 1406 vel
985 1339 1152 1423 ἐπέδειξαν
1175 1342 1212 1408 δὲ

122 1448 186 1528 κατ’,
209 1448 264 1515 sed
285 1448 362 1514 nihil
383 1449 551 1516 admodum
574 1450 680 1530 placet
705 1450 895 1532 videantque
916 1451 1079 1518 doctiores

155 1569 158 1576 '
227 1559 266 1625 Is,
283 1562 311 1642 5,
334 1563 361 1622 7.
383 1551 519 1644 φάσκων
533 1556 584 1644 ἐφ’
601 1551 659 1643 δλη
674 1561 857 1643 ποιηθῆναι
874 1553 945 1636 vido
958 1555 1024 1624 ὑπὸ
1038 1560 1097 1626 τοῦ
1111 1558 1210 1626 θείου

121 1686 184 1751 „ex
205 1669 340 1735 formula
361 1668 479 1734 dictum
497 1666 579 1749 (soil.
602 1662 707 1755 οὐσίᾳ)
739 1687 931 1750 quemquam
953 1671 1090 1736 alterum
1116 1670 1210 1738 huius

12 1835 14 1864 ,
122 1778 303 1862 exemplum
338 1777 421 1858 quod
454 1775 580 1858 quidem
613 1795 671 1860 ego
703 1779 798 1844 soiom
829 1797 892 1843 non
923 1777 1032 1845 exiut‘
1066 1778 1210 1846 Schoem.

123 1887 169 1954 Et
179 1891 262 1954 uerte
276 1888 391 1952 mirum
416 1890 509 1966 esset,
533 1887 560 1952 si
580 1886 673 1952 aliter
692 1905 742 1953 res
760 1907 794 1954 se
813 1887 961 1972 heberet3
984 1906 1106 1972 semper
1129 1889 1212 1954 enim

121 1997 238 2064 dieitur
261 1992 313 2084 ἐφ’
346 1989 465 2060 ἅπαντι
485 2003 532 2084 τῷ
552 1991 660 2082 κλήρῳ
683 2002 752 2075 σοι..
783 2001 820 2062 ut
850 1997 901 2088 hio
921 1984 1044 2080 quoque
1064 1997 1209 2064 substan·

121 2109 224 2174 tivum
244 2108 394 2173 omissum
418 2123 486 2174 esse
506 2124 671 2180 censeam3
704 2107 819 2170 conicio
847 2104 898 2193 ἐφ’
929 2099 989 2192 ὅλη
1021 2109 1078 2195 (τῇ
1096 2093 1210 2194 οὐσίᾳ)

121 2217 206 2298 quod
238 2216 354 2298 legitur
375 2216 407 2279 in
440 2219 637 2298 argumento,
675 2217 758 2294 quod
791 2221 985 2282 cumtotum
1009 2217 1211 2283 exoratione

121 2330 284 2408 sumptum
305 2325 356 2404 sit,
378 2325 473 2390 etiam
486 2324 520 2388 in
541 2324 684 2389 oratione
704 2324 773 2405 ipso
794 2325 876 2398 hano
890 2323 1060 2391 formulam
1072 2323 1210 2392 infuisse

122 2434 320 2500 verisimilius
340 2433 386 2498 fit.

222 2547 250 2622 5,
275 2546 313 2606 32
336 2540 390 2604 καὶ
410 2533 441 2606 οἳ
456 2537 615 2624 διαιτηταὶ
630 2534 756 2625 ἔφασαν
770 2569 810 2588 «ἡ
826 2531 1051 2623 ἀνακρίναντες
1071 2537 1108 2606 δὲ
1128 2535 1210 2628 ἡμᾶς
1262 2561 1266 2569 ·

122 2644 280 2726 πολλάκις
301 2647 354 2712 καὶ
376 2641 564 2728 πυθόμενοι
585 2641 625 2710 τά
649 2645 840 2729 πραχθέντα
861 2642 893 2712 ολ
915 2647 1075 2734 διαιτηταὶ
1097 2641 1130 2713 οὶ
1150 2647 1216 2732 μὲνΙ

121 2754 185 2825 δύο
205 2759 272 2824 κτλ
294 2759 493 2840 Quamquam
507 2758 630 2822 Isaeum
651 2776 884 2839 nonnumquam
898 2759 982 2826 iusto
1001 2758 1210 2825 verbosiorem

121 2887 191 2936 esse
218 2869 328 2952 negari
350 2886 413 2932 non
433 2872 549 2948 potest,
581 2867 641 2934 hoo
669 2873 777 2934 tumen
797 2868 865 2934 loeo
897 2887 974 2932 num
998 2861 1030 2932 οἱ
1051 2867 1212 2954 διαιτηταί

120 2977 170 3044 bis
192 2977 352 3060 scripserit
373 2975 465 3042 valde
485 2976 604 3056 dubito,
636 2995 710 3042 nem
733 2983 957 3060 praeterquam
979 2977 1063 3057 quod
1083 2977 1212 3044 minime

121 3086 332 3176 necessarium
354 3085 489 3152 aiterum
513 3089 571 3166 ost,
593 3091 743 3167 nonpost
760 3083 951 3168 πραχθέντα
972 3084 1028 3153 sed
1043 3091 1114 3167 post
1127 3085 1213 3150 πολ

120 3189 213 3273 λάκις
230 3195 304 3276 poni
318 3193 462 3272 debebat,
484 3192 521 3260 oi
537 3194 630 3260 velim
647 3213 674 3260 e.
687 3214 711 3260 o.
727 3197 778 3258 22.
799 3199 848 3258 25.
873 3197 901 3273 3,
918 3199 947 3260 3.
969 3198 1017 3260 14.
1042 3197 1090 3260 li.
1113 3197 1143 3276 7,
1161 3199 1212 3259 10.

220 3308 249 3384 δ,
273 3307 312 3368 36
333 3291 401 3368 oir'
437 3297 534 3381 αὐτὸς
566 3297 812 3390 ἐτριηράρχησαν
844 3292 920 3369 oio’
959 3298 1059 3390 ἑτέρῳ
1091 3302 1213 3386 morafie«

119 3411 246 3496 βληκεν.
275 3405 424 3478 ‘Antinum
448 3407 642 3496 συμβάλλειν
661 3412 876 3480 contribueodi
894 3413 1092 3496 sensurlonge
1112 3414 1212 3480 naris·
1307 3443 1308 3449 1

120 3522 235 3588 simum
266 3539 332 3587 esse
363 3521 518 3628 adnotans
547 3521 781 3588 Sohoemannus
802 3527 930 3604 praeter
950 3522 1022 3604 Lye.
1045 3526 1094 3603 59,
1115 3539 1210 3605 quem

120 3631 226 3699 loeum
246 3633 315 3716 ipse
329 3632 507 3699 Bekkerum
531 3651 570 3698 ex
593 3632 747 3700 codicibus
759 3632 933 3699 restituisse
954 3636 1067 3740 censet,
1087 3631 1211 3697 nullum

123 3782 321 3791 ———

224 3871 248 3937 1)
265 3885 335 3939 quse
358 3869 451 3924 isaeus
474 3885 556 3922 nuens
582 3867 619 3922 sii
644 3867 737 3922 dinero
760 3864 873 3920 diffieiie
898 3869 941 3920 ost
960 3864 995 3919 ed
1014 3861 1208 3931 definiendum,

122 3957 174 4014 eud
190 3974 243 4027 ego
260 3975 317 4012 non
334 3955 500 4012 erediderim
517 3973 580 4012 aum
597 3957 623 4022 8,
640 3958 673 4010 14
690 3955 834 4024 seripsioee
853 3955 944 4010 ἔπειτα
963 3953 994 4010 δὲ
1012 3946 1149 4026 φράτερας
1163 3957 1210 4008 καὶ

122 4040 251 4120 δημότας,
271 4045 364 4099 ἔπειτα
381 4045 436 4098 τῶν
453 4037 542 4098 ἄλλων
559 4044 727 4110 ἐπιτηδείων,
745 4043 868 4112 quamvis
886 4041 1063 4113 πρῶτονμὲν
1081 4071 1115 4082 -·
1135 4043 1210 4096 ἔντει-

120 4154 155 4187 τα
173 4161 206 4174 -
225 4133 317 4187 ἔπειτα
335 4133 444 4202 saepius
463 4132 520 4202 legi
536 4149 592 4186 non
610 4131 734 4200 ignorem
751 4129 796 4194 (of.
810 4131 835 4194 9,
848 4129 894 4196 36)
914 4129 963 4184 sed
980 4145 1036 4184 non
1054 4131 1113 4184 tam
1129 4128 1208 4184 brevi

121 4221 278 4278 intervallo.
296 4220 496 4290 Corrigendnm
513 4207 582 4290 puto
600 4224 649 4274 ont
665 4219 720 4273 uiro
739 4218 771 4275 δὲ
788 4221 822 4282 -,-’
840 4218 933 4273 ἔπειτα
948 4221 996 4272 eut
1013 4218 1105 4272 ἔπειτα
1123 4217 1158 4272 δέ
1173 4247 1207 4260 -

121 4313 161 4366 ἔτι
178 4311 213 4364 δέ
228 4309 274 4378 (os.
295 4308 399 4380 [Deru]
419 4309 497 4378 101⁷,
515 4310 550 4362 22
569 4309 617 4362 ubi
634 4325 686 4378 pro
704 4309 741 4362 ἔτι
761 4307 793 4362 δὲ
810 4307 857 4362 Ar
875 4306 1005 4368 exhrirent
1024 4306 1138 4378 ἔπειτα).
