2894 4906
665 379 704 447 39

118 581 178 632 ca
204 567 339 658 lilsllo
336 568 399 652 uiri
420 561 506 652 πρὰς
526 561 604 646 cudo
629 558 1192 650 333333333133363333333333
1184 583 1232 634 lu

138 677 275 762 333333
304 684 383 758 ortt
420 679 556 746 seruatis
587 682 644 760 opt
645 677 706 744 imo
742 678 977 744 demonstretur
1009 675 1128 762 (oth.
1150 680 1180 742 3
1210 681 1230 740 o

138 785 227 870 host)
248 787 385 854 mdooot'
357 791 450 854 tram·
448 787 544 855 elno
561 786 627 852 sle
644 791 682 851 21
707 781 814 852 s‘diuec
828 784 865 852 di
885 780 1068 870 procidopo'c
1090 784 1143 852 roi
1166 779 1231 850 633

137 890 285 978 murcie
306 889 324 961 ὁ
345 887 551 980 Ἀνδοκίδης)
581 893 854 978 acutissimisque
888 894 1087 978 in'Argivos⁹
1116 892 1231 985 scupis

139 1008 249 1072 ternos
266 1005 338 1086 illos
357 1003 676 1071 Lacedaemoniorum
701 1003 900 1086 concreditos
920 1003 1033 1073 verbis.
1131 1052 1134 1066 .

236 1111 347 1196 Neque
369 1113 400 1180 id
433 1111 507 1178 miili
530 1112 645 1180 mirum
669 1113 816 1193 333333,
839 1112 922 1196 qnod
944 1113 1055 1196 volgus
1080 1126 1166 1194 3333
1184 1115 1233 1178 ent

114 1253 115 1256 ¹
138 1223 352 1301 inonstantia
364 1223 477 1292 clueat
490 1221 648 1290 mobilitas
661 1221 786 1290 633333
800 1221 895 1305 capto
907 1221 1113 1306 optimatibus
1122 1239 1231 1304 pacem

138 1331 258 1396 iterum.
281 1329 458 1412 iterumque
489 1330 781 1398 commendantibus
813 1349 887 1398 com
906 1329 1167 1398 Lusomnoniu
1193 1327 1233 1396 de
1310 1339 1313 1348 ’

140 1456 220 1520 pace
241 1437 359 1520 egendi.
378 1436 539 1506 infinitam
563 1437 717 1506 concessit
737 1441 937 1520 potestatem.
989 1435 1069 1522 Tum
1090 1435 1131 1504 de
1155 1451 1233 1520 paco

138 1647 215 1720 apud
231 1646 433 1704 Androtionem
460 1646 593 1718 legeret‘t
629 1644 864 1702 Proficisccndum
888 1645 956 1702 mihi
974 1644 1086 1702 videtur
1107 1643 1233 1702 acerbis

137 1739 184 1789 καὶ
200 1729 305 1806 ἤκμακε
324 1731 392 1788 κατὰ
408 1735 503 1790 τοῦτον
520 1732 569 1789 τὸν
583 1730 688 1806 χρόνον
711 1729 770 1807 ἅμα
780 1725 919 1806 Σωκράτει
938 1734 974 1805 τῷ
993 1727 1150 1808 φιλοσόφῳ,
1168 1748 1231 1788 nom

138 1841 174 1877 ex
191 1823 260 1878 satis
278 1826 390 1878 vetusto
410 1826 524 1878 anctore
542 1839 575 1878 33
597 1817 862 1892 (133333333333333
879 1817 1010 1894 ἀκμάζειν
1026 1819 1111 1877 verbo
1126 1820 1156 1878 33
1170 1837 1232 1890 eyn·

137 1909 306 1968 chronistica
317 1918 399 1982 qnam
409 1927 539 1967 vocamus
558 1926 621 1966 cnm
638 1911 755 1967 Socrate
772 1911 974 1981 compositione
991 1909 1061 1965 mihi
1086 1910 1231 1980 probatur,

136 2015 204 2056 cum
226 1998 314 2053 verbe
334 1999 467 2068 proxima
483 2004 515 2054 33
531 2015 621 2056 anum
639 2017 695 2069 quo
709 2003 797 2056 natus
816 1999 852 2055 sit
878 1999 1034 2057 accuratius
1052 1997 1231 2067 indicaretur,
1251 2027 1258 2046 ·

136 2091 241 2158 postea,
257 2086 354 2145 addita
372 2104 432 2145 3333
458 2087 527 2173 mihi
555 2088 694 2144 videntur.
731 2087 835 2156 Quodsi
859 2087 919 2159 reri
938 2087 1073 2144 dissimile
1097 2102 1154 2144 uon
1178 2089 1231 2152 333,

137 2175 252 2246 quinam
280 2175 384 2230 factum
415 2178 457 2230 est
475 2179 508 2228 ut
525 2193 588 2230 cum
607 2175 720 2248 Socrate
737 2180 952 2246 componeretur
970 2171 1143 2254 Andocides?
1175 2175 1232 2229 Aut

136 2264 251 2334 egregie
271 2263 354 2318 fallor
373 2267 422 2318 aut
442 2263 508 2332 quia
525 2267 641 2334 uterque
659 2261 757 2318 eodem
774 2282 846 2319 anno
861 2263 892 2322 in
909 2262 1044 2318 iudicium
1062 2261 1163 2318 ductus
1180 2267 1232 2318 est:

137 2345 252 2406 Conicio
272 2351 361 2422 igitur
379 2352 408 2404 in
426 2351 520 2405 nescio
538 2351 617 2406 cuins
635 2351 777 2407 chronicis
796 2349 932 2422 scriptum
956 2349 1049 2406 inisse.
1087 2347 1232 2420 ,;Sccrates
1258 2339 1264 2347 ’

137 2439 295 2494 munusturi
333 2439 500 2509 Andociden,
519 2440 567 2509 qui
585 2439 638 2494 hoo
654 2443 781 2510 tempore
798 2434 912 2511 ἤκμακε,
930 2440 1096 2494 Remorum
1123 2438 1232 2492 mutila·

136 2527 225 2586 tionis
241 2531 271 2588 ct
291 2528 488 2598 mysteriorum
504 2527 709 2598 profanationis
727 2533 811 2584 reus“
843 2528 917 2599 (uam
941 2526 1096 2586 Andocidia
1119 2537 1232 2591 oausam

137 2631 190 2690 per
219 2617 309 2690 totam
333 2615 476 2670 Graeciam
505 2615 672 2672 celebratam
697 2615 726 2670 in
754 2616 890 2672 eiusmodi
916 2616 995 2672 libris
1018 2615 1147 2670 omissam
1171 2631 1231 2671 esse

137 2703 284 2774 probabile
301 2719 358 2757 non
379 2703 439 2775 est),
477 2703 521 2759 Ita
539 2705 563 2758 si
581 2703 716 2774 seriptum
744 2708 805 2759 erat
820 2704 872 2774 qui
895 2703 1070 2771 festinantius
1093 2692 1232 2774 excerpsit

135 2789 222 2846 facile
237 2797 269 2846 ut
287 2785 376 2863 ἀκμῆς
392 2794 505 2862 tempus
515 2791 689 2862 'significaret
701 2807 736 2847 ex
751 2791 982 2862 praecedentibus
995 2789 1120 2862 arripere
1140 2791 1233 2861 potuit

121 2867 198 2951 ’ἅμα
210 2875 396 2949 tornotrensi
412 2874 569 2952 φιλοσόφῳ.
588 2879 669 2948 Quod
687 2879 710 2935 si
720 2879 824 2936 fectum
843 2885 912 2948 enat,
930 2879 977 2948 qui
989 2893 1091 2937 annom
1108 2877 1233 2934 indicere

137 2967 296 3027 accuratius
315 2967 436 3036 nolebat,
461 2969 577 3028 eandem
596 2985 660 3024 eum
689 2967 748 3026 iere
774 2968 960 3038 olympiadem
977 2967 1092 3027 'addere
1120 2984 1233 3030 necesse
1296 3019 1305 3042 x

137 3060 201 3114 erat
218 3073 272 3126 qna
296 3061 357 3112 erat
379 3060 461 3113 natus
480 3054 608 3112 Socrates
631 3059 661 3111 et
681 3055 734 3112 hoc
752 3057 865 3126 quidem
885 3056 993 3117 lactum
1011 3059 1061 3122 est,
1085 3073 1150 3116 uam
1169 3072 1232 3112 eum

136 3145 432 3231 plurimieumnatum
450 3161 510 3199 esse
529 3145 653 3202 dicerent
641 3144 699 3198 t.ol
712 3147 754 3214 77,
765 3147 781 3200 3
799 3145 944 3200 constitnit
964 3144 1000 3199 ol.
1013 3144 1056 3205 77,
1068 3145 1125 3196 l=
1092 3143 1233 3210 -469768

137 3218 326 3301 Apollodorus
344 3231 578 3303 (cf.Dielsius'1n
596 3250 664 3287 mue.
675 3231 765 3288 Rhen
786 3234 819 3287 31
821 3233 884 3302 ,36)
905 3249 990 3302 quaro
1008 3231 1101 3288 nescio
1119 3241 1153 3286 33
1165 3229 1234 3287 haec

135 3337 172 3376 ex
191 3317 355 3391 Apollodori
373 3319 511 3376 chronicis
530 3325 641 3391 sumpts
658 3321 722 3376 3333
761 3322 836 3390 Quas
858 3321 881 3376 si
908 3321 1096 3391 probabiliter
1117 3319 1232 3385 conieci,

136 3404 325 3468 Andocidi·
310 3403 403 3481 ακμήν
420 3427 444 3466 a.
465 3411 517 3468 399
539 3407 624 3466 fuisse
641 3407 785 3477 ducat·
776 3427 793 3466 1.
804 3427 826 3464 e.
844 3414 926 3466 nctus
944 3413 1005 3466 oret
1023 3414 1119 3468 oratur
1135 3409 1232 3469 ciffi.

244 3498 270 3568 l)
289 3497 322 3553 ir.
343 3500 359 3554 5
379 3497 661 3568 Mueller-Struebing
684 3498 719 3552 ab
738 3497 882 3553 Andocide
911 3498 1052 3553 abiudicat
1068 3497 1235 3569 profectum·

135 3604 191 3658 que
209 3603 225 3644 e
244 3585 433 3656 sophistarum
450 3585 561 3642 officina
578 3589 670 3656 putat,
685 3605 712 3656 p.
733 3586 785 3642 669
804 3605 839 3655 3.,
857 3584 1005 3645 “meraris
1022 3586 1143 3652 levitate,
1167 3604 1232 3642 nom

107 3732 114 3740 ,
134 3693 208 3746 quse
226 3675 362 3746 disputat.
379 3692 414 3736 33
431 3673 594 3731 refelluntur
611 3674 736 3736 Platonis
760 3675 859 3732 comici
875 3673 937 3730 loco
959 3674 1007 3744 qui
1026 3673 1133 3744 legitur
1158 3675 1232 3746 opud

132 3763 211 3824 Plus
229 3761 290 3820 llio
311 3765 343 3818 11

372 3858 459 3908 καίτοι
478 3856 605 3925 πέπραχε
624 3854 678 3908 τῶν
696 3844 964 3924 acccuratissime,

370 3935 452 3992 αὑτοῦ
469 3938 502 3994 di
520 3944 567 3994 καὶ
584 3942 639 3996 τῶν
657 3935 814 4011 στιγμάτων
826 3934 933 4000 ἀνάξια·

371 4022 403 4082 oi
420 4023 474 4099 γὰρ
493 4022 621 4084 τοιούτων
639 4029 719 4087 εἵνεκ’
738 4023 850 4100 ὄστραχ’
869 4025 976 4098 εὑρέθη

129 4119 168 4176 et
185 4113 293 4172 Cratini
310 4115 489 4186 eiusdemque
506 4116 632 4175 Platonis
649 4117 816 4172 testimoniis
832 4116 906 4186 epod
924 4116 1009 4173 schol
1024 4113 1137 4170 Lucian.
1156 4131 1184 4182 p.
1195 4114 1231 4170 46

128 4201 437 4268 tricasinensium
454 4204 764 4274 quoqneteetimonium
782 4203 909 4260 adferri
901 4219 957 4262 uam
969 4201 1106 4272 Sauppins
1116 4201 1163 4266 Or
1172 4201 1231 4258 333.

127 4293 172 4350 fr.
189 4308 218 4362 p.
238 4289 288 4344 166
306 4289 459 4350 adnotavit.
