2894 4906
645 405 682 466 21

123 586 297 656 rndniorum
317 587 478 653 studiosos
493 588 591 688 yicms
608 605 680 652 esse
692 585 716 670 ¹)
738 588 763 652 si
784 583 963 668 statuimus¹
985 587 1085 653 niulto
1101 588 1217 655 rectius
1325 585 1328 591 ’
1426 572 1427 576 “

48 723 53 733 ’
120 697 216 763 uerba
238 714 271 762 se
292 696 420 762 habent.
525 753 527 755 ,

218 807 266 871 De
295 806 348 872 his'
378 823 458 888 quas
487 806 578 872 modo
611 806 742 886 exposui
775 808 870 873 rebus
890 804 1012 873 'nuntio
1048 806 1155 874 adlato
1188 807 1214 874 si

120 912 288 980 multitudo
320 915 394 982 belli
416 905 620 982 continuandi
652 917 756 982 studio
781 917 883 982 denuo
913 905 1104 1000 implebatur
1139 916 1214 999 quid

119 1024 258 1093 mirum?
291 1041 407 1104 neque·
426 1025 453 1089 si
476 1026 562 1106 pacis
591 1025 725 1091 studiosi
749 1026 857 1106 quiin
890 1027 1129 1107 perturbatione
1150 1026 1217 1091 ani-

118 1143 243 1198 morum
267 1129 393 1197 Οοοοοο
426 1139 519 1213 capto
539 1151 654 1224 'rerum
687 1134 783 1215 potiti
801 1141 892 1198 erant
927 1137 994 1198 turn
1026 1136 1215 1214 potestatem

95 1241 304 1306 amiserunt.
346 1233 511 1321 'Princeps
543 1241 719 1322 legationis
756 1243 784 1307 si
815 1242 920 1306 decern
955 1247 1117 1307 oratorum
1152 1241 1216 1307 bio-

118 1328 243 1432 grapho
264 1332 341 1413 fides
364 1347 510 1422 habenda
531 1349 628 1432 esre),
651 1345 832 1416 inexilium
855 1349 970 1420 missus
992 1357 1050 1431 est,
1072 1368 1149 1433 poce
1172 1351 1218 1414 in·

117 1457 204 1524 fecta
227 1457 544 1526 Lacedaemoniorum
576 1460 673 1540 legati
694 1449 817 1530 dimissi
838 1462 922 1538 sunt,
961 1477 1035 1540 pars
1055 1457 1217 1541 popularis

118 1565 318 1649 Thrasybulo
340 1572 377 1631 ut
391 1565 516 1634 viderur·
538 1567 617 1636 duce
631 1567 757 1634 bellum
780 1569 955 1634 continuari
977 1568 1070 1634 insit
1082 1571 1117 1646 Β).
1142 1568 1218 1634 Pru-

91 1675 198 1744 ixioni
217 1675 292 1741 anni
316 1693 389 1742 vere
411 1676 579 1758 Agesilaus
600 1679 667 1759 ipse
685 1675 921 1759 expeditionem·
942 1677 1144 1766 Isthmiacum
1166 1695 1218 1742 su·

119 1784 231 1868 acepit,
250 1783 361 1865 longos
375 1767 607 1852 Corinthiorum
627 1805 733 1852 muros
749 1785 866 1864 delevit
887 1789 982 1866 atque
997 1793 1034 1852 ut
1055 1787 1107 1866 qui
1131 1804 1217 1852 acer-

119 1893 201 1974 rimi
215 1895 300 1978 pacis
320 1894 496 1965 aduersarii
520 1896 635 1975 cogniti
657 1901 749 1962 erant
772 1894 824 1977 (cf.
846 1897 941 1962 etiam
965 1895 1046 1961 Xen.
1071 1901 1100 1974 4,
1123 1900 1152 1972 4,
1179 1897 1216 1958 19

118 1997 198 2089 τούς
218 1999 385 2086 Ἀργείους
411 1997 453 2066 τὰ
484 2002 543 2084 μὲν
576 1995 663 2068 οἴκοι
683 2001 939 2086 καρπουμένους,
956 1987 1149 2090 ’ἡδομένους
1183 2001 1219 2066 δὲ

118 2113 168 2196 τῷ
188 2108 340 2196 πολέμῳ)
360 2111 388 2177 ei
410 2113 451 2176 ad
474 2129 582 2192 pacem
606 2113 826 2194 propensiores
848 2112 968 2190 fierent,
992 2115 1085 2194 agros
1108 2129 1216 2176 eorum

119 2221 293 2304 populatus
317 2223 376 2286 est.
564 2205 566 2210 ’
645 2229 649 2236 ·
731 2215 733 2226 ’
1048 2201 1051 2208 ’

569 2405 767 2414 ..ᾔ-μ...-

556 2639 559 2644 ·
575 2591 701 2705 Cuput
717 2567 773 2692 ⁴11..

557 2768 786 2840 contestanis

661 2931 683 2984 1.

221 3045 268 3113 De
289 3023 497 3126 Antiphontis
510 3021 711 3132 'orationibus
733 3017 805 3126 post
827 3046 996 3114 editionem
1020 3045 1240 3114 Blassisnani.
1273 3043 1278 3052 ‘

119 3171 182 3218 non
217 3154 420 3220 mediocriter
451 3155 556 3220 meriti
588 3160 662 3219 sunt
693 3155 772 3221 Rud.
799 3153 972 3220 Schoellius
985 3153 1010 3235 ⁴)
1042 3155 1087 3235 (in
1111 3157 1216 3221 Fleck.

224 3349 251 3418 1)
271 3346 389 3403 fontane
409 3347 539 3402 boccum
556 3347 828 3402 Strutheeadsentn
847 3347 1071 3419 coniungendam
1093 3345 1142 3404 est

222 3439 252 3504 2)
270 3437 371 3490 multos
390 3435 560 3506 inpertiam
579 3436 804 3492 contentionibus
824 3436 959 3508 expulsos
976 3423 1036 3491 esse
1059 3435 1081 3490 sl
1104 3443 1215 3507 reputa·

119 3528 197 3580 veris
212 3526 268 3582 hoc
287 3511 351 3579 veri
363 3523 495 3578 dissimile
512 3541 569 3578 non
587 3523 736 3578 videbitur.

221 3615 249 3682 3)
266 3614 385 3670 sonasse
411 3620 470 3668 tum
495 3615 605 3668 demum
630 3615 703 3669 muri
726 3615 762 3668 ab
781 3613 999 3669 Atheniensibus
1024 3615 1121 3670 refecti
1147 3621 1219 3685 sunt,

120 3703 198 3773 quod
216 3705 363 3771 quominus
387 3707 516 3771 putemus
534 3701 604 3755 nihil
623 3703 727 3769 obstat3
750 3701 779 3754 id
799 3704 822 3756 si
841 3704 1011 3772 probaveris,
1033 3720 1103 3773 quae
1123 3703 1218 3758 Kirch·

120 3807 174 3845 ner
191 3805 219 3860 p.
238 3791 272 3844 34
291 3791 416 3860 disputat
434 3791 480 3859 (ol.
499 3808 526 3861 p.
538 3792 570 3845 14
591 3793 630 3862 n.)
651 3793 751 3846 contra
769 3805 813 3843 me
831 3806 887 3844 non
906 3791 1020 3845 faciunt.
1056 3795 1059 3808 '

221 3879 248 3946 4)
266 3885 363 3932 unum·
378 3879 472 3945 miror,
502 3879 576 3948 quo‘d
596 3897 685 3948 neque
703 3876 857 3932 Schoellius
886 3892 974 3948 neque
993 3878 1101 3950 Hugius
1129 3895 1218 3949 neque

120 3967 171 4036 qui
182 3969 289 4020 ceteras
299 3967 437 4022 editiones
447 3967 603 4022 Blassianas
614 3972 791 4033 censuerunt,
807 3966 838 4036 (Ι.
852 3965 885 4020 Η.
897 3965 1031 4038 L[ipsins]
1046 3969 1075 4022 in
1084 3967 1215 4022 Leutechi

120 4053 179 4108 ind.
205 4053 273 4122 phil.
292 4055 317 4122 4,
338 4055 398 4108 888.
435 4053 512 4108 Aem.
533 4053 751 4124 Rosenbergius·
764 4056 794 4106 in
814 4053 905 4107 Fleck.
925 4066 988 4108 ann.
1009 4055 1067 4122 107,
1085 4053 1219 4122 97έ-109)

119 4159 178 4197 non
195 4157 300 4210 panem
318 4157 426 4198 errores
444 4130 595 4211 in'rep'sisse
612 4141 641 4195 in
663 4146 829 4212 apparatum
845 4141 972 4195 criticum
991 4142 1218 4202 animaduertisse

121 4231 267 4299 videntum
295 4232 342 4300 qui
368 4247 475 4286 errores
498 4247 533 4284 ne
562 4233 769 4286 inveterascant
796 4230 841 4285 hie
872 4245 942 4299 quae
970 4229 1135 4300 corrigenda
1164 4232 1220 4286 sint

120 4332 276 4389 congerere
311 4317 379 4372 mihi
406 4320 494 4374 liceat.
516 4321 581 4373 Ant.
603 4323 626 4388 1,
648 4322 680 4373 10
704 4314 828 4387 τοιαύτην
859 4317 1064 4374 Schoemannus
1092 4319 1132 4388 (in
1156 4337 1219 4374 ann.

1004 4427 1020 4475 2
